
@misc{noauthor_zotero_nodate,
	title = {Zotero {\textbar} {Downloads}},
	url = {https://www.zotero.org/download/},
	urldate = {2018-07-25},
	file = {Zotero | Downloads:C\:\\Users\\thiga\\Zotero\\storage\\TZBACRUZ\\download.html:text/html}
}

@article{abrucio_federalismo_2007,
	title = {Federalismo e políticas públicas: o impacto das relações intergovernamentais no {Brasil}},
	volume = {1},
	shorttitle = {Federalismo e políticas públicas},
	journal = {Tópicos de economia paulista para gestores públicos},
	author = {Abrucio, Fernando Luiz and Franzese, Cibele},
	year = {2007},
	pages = {13--31}
}

@book{slack_finance_2009,
	title = {Finance and governance of capital cities in federal systems},
	volume = {1},
	publisher = {McGill-Queen's Press-MQUP},
	author = {Slack, Enid and Chattopadhyay, Rupak},
	year = {2009}
}

@incollection{arretche_democracia_2012,
	title = {Democracia, federalismo e centalização no {Brasil}},
	author = {Arretche, Marta TS},
	year = {2012}
}

@article{mora_evolucao_2016,
	title = {Evolução recente da dívida estadual},
	author = {Mora, Mônica},
	year = {2016}
}

@misc{ministerio_da_fazenda_boletim_2017,
	title = {Boletim de {Finanças} dos {Entes} {Subnacionais} - 2016},
	publisher = {Secretaria do Tesouro Nacional},
	author = {{Ministério da Fazenda}},
	year = {2017}
}

@misc{ministerio_do_planejamento_desenvolvimento_e_gestao_gestao_2015,
	title = {Gestão {Fiscal} {Responsável} - {Cartilha} sobre a {Lei} de {Responsabilidade} {Fiscal}},
	url = {http://www.planejamento.gov.br/assuntos/planeja/orcamento-federal/lei-de-responsabilidade-fiscal/cartilha/},
	author = {{Ministério do Planejamento, Desenvolvimento e Gestão}},
	year = {2015}
}

@techreport{souza_fundo_2011,
	type = {Nota técnica},
	title = {Fundo {Constitucional} do {DF}: {Viabilidade} de novos aportes de recursos},
	urldate = {2018-05-03},
	institution = {Biblioteca Digital da Câmara dos Deputados},
	author = {{Souza}},
	year = {2011}
}

@book{ministerio_da_fazenda_manual_2017,
	address = {Brasília},
	edition = {8ª edição},
	title = {Manual de {Demonstrativos} {Fiscais}},
	publisher = {Secretaria do Tesouro Nacional},
	author = {{Ministério da Fazenda}},
	year = {2017}
}

@techreport{santos_crescimento_2017,
	title = {Crescimento dos gastos com pessoal ativo e inativo dos estados brasileiros entre 2006-2016},
	url = {http://www.ipea.gov.br/portal/images/stories/PDFs/conjuntura/171103_cc_37_nt_gastos_com_pessoal_estados.pdf},
	number = {Número 37, 4º trimestre},
	urldate = {2018-03-01},
	institution = {IPEA},
	author = {Santos, C. H. M. and Pessoa, M. M. A. C. S. and Mendonça, M. A. A. and Brito, A. J. S. and Martins, F. S. and Sá, J. H. B. and Fernandes, L. V. and Lacerda, L. P. T. and Almeida, V. A. L.},
	year = {2017}
}

@article{banzhaf_people_2008,
	title = {Do people vote with their feet? {An} empirical test of {Tiebout}'s mechanism},
	volume = {98},
	shorttitle = {Do people vote with their feet?},
	number = {3},
	journal = {The American Economic Review},
	author = {Banzhaf, Spencer H. and Walsh, Randall P.},
	year = {2008},
	pages = {843--863}
}

@article{pettersson-lidbom_parties_2008,
	title = {Do parties matter for economic outcomes? {A} regression-discontinuity approach},
	volume = {6},
	shorttitle = {{DO} {PARTIES} {MATTER} {FOR} {ECONOMIC} {OUTCOMES}?},
	url = {http://trafficlight.bitdefender.com/info?url=http%3A//onlinelibrary.wiley.com/doi/10.1162/JEEA.2008.6.5.1037/full&language=en_US},
	number = {5},
	urldate = {2017-05-12},
	journal = {Journal of the European Economic Association},
	author = {Pettersson-Lidbom, Per},
	year = {2008},
	pages = {1037--1056}
}

@article{caselli_oil_2013,
	title = {Do oil windfalls improve living standards? {Evidence} from {Brazil}},
	volume = {5},
	shorttitle = {Do oil windfalls improve living standards?},
	number = {1},
	journal = {American Economic Journal: Applied Economics},
	author = {Caselli, Francesco and Michaels, Guy},
	year = {2013},
	pages = {208--238}
}

@article{jones_leaders_2005,
	title = {Do leaders matter? {National} leadership and growth since {World} {War} {II}},
	volume = {120},
	shorttitle = {Do leaders matter?},
	url = {http://trafficlight.bitdefender.com/info?url=http%3A//qje.oxfordjournals.org/content/120/3/835.short&language=en_US},
	number = {3},
	urldate = {2017-05-16},
	journal = {The Quarterly Journal of Economics},
	author = {Jones, Benjamin F. and Olken, Benjamin A.},
	year = {2005},
	pages = {835--864}
}

@article{banerjee_informed_2011,
	title = {Do informed voters make better choices? {Experimental} evidence from urban {India}},
	shorttitle = {Do informed voters make better choices?},
	url = {https://pdfs.semanticscholar.org/fc45/db4976c51fd67177757ca895896c3a01039e.pdf},
	urldate = {2017-06-04},
	journal = {Unpublished manuscript},
	author = {Banerjee, Abhijit and Kumar, Selvan and Pande, Rohini and Su, Felix},
	year = {2011}
}

@article{andersen_does_2011,
	title = {Does the {Internet} reduce corruption? {Evidence} from {US} states and across countries},
	shorttitle = {Does the {Internet} reduce corruption?},
	url = {http://wber.oxfordjournals.org/content/early/2011/05/26/wber.lhr025.short},
	urldate = {2017-04-21},
	journal = {The World Bank Economic Review},
	author = {Andersen, Thomas Barnebeck and Bentzen, Jeanet and Dalgaard, Carl-Johan and Selaya, Pablo},
	year = {2011},
	pages = {lhr025}
}

@article{monteiro_does_2010,
	title = {Does oil make leaders unaccountable? {Evidence} from {Brazil}’s offshore oil boom},
	shorttitle = {Does oil make leaders unaccountable?},
	url = {http://www.parisschoolofeconomics.eu/docs/ydepot/semin/texte1213/CLA2012DOE.pdf},
	urldate = {2017-06-24},
	journal = {unpublished, PUC-Rio},
	author = {Monteiro, Joana and Ferraz, Claudio},
	year = {2010}
}

@article{funk_does_2011,
	title = {Does direct democracy reduce the size of government? {New} evidence from historical data, 1890–2000},
	volume = {121},
	shorttitle = {Does direct democracy reduce the size of government?},
	url = {http://onlinelibrary.wiley.com/doi/10.1111/j.1468-0297.2011.02451.x/full},
	number = {557},
	urldate = {2017-06-10},
	journal = {The Economic Journal},
	author = {Funk, Patricia and Gathmann, Christina},
	year = {2011},
	pages = {1252--1280}
}

@article{jensen_consumer_2011,
	title = {Do consumer price subsidies really improve nutrition?},
	volume = {93},
	url = {http://www.mitpressjournals.org/doi/abs/10.1162/rest_a_00118},
	number = {4},
	urldate = {2017-03-29},
	journal = {Review of Economics and Statistics},
	author = {Jensen, Robert T. and Miller, Nolan H.},
	year = {2011},
	pages = {1205--1223}
}

@article{gagliarducci_better_2013,
	title = {Do better paid politicians perform better? {Disentangling} incentives from selection},
	volume = {11},
	shorttitle = {Do better paid politicians perform better?},
	url = {http://onlinelibrary.wiley.com/doi/10.1111/jeea.12002/full},
	number = {2},
	urldate = {2017-05-30},
	journal = {Journal of the European Economic Association},
	author = {Gagliarducci, Stefano and Nannicini, Tommaso},
	year = {2013},
	pages = {369--398}
}

@article{baqir_districting_2002,
	title = {Districting and government overspending},
	volume = {110},
	url = {http://www.journals.uchicago.edu/doi/abs/10.1086/342804},
	number = {6},
	urldate = {2017-06-10},
	journal = {Journal of political Economy},
	author = {Baqir, Reza},
	year = {2002},
	pages = {1318--1354}
}

@article{alesina_distributive_1994,
	title = {Distributive politics and economic growth},
	volume = {109},
	url = {http://qje.oxfordjournals.org/content/109/2/465.short},
	number = {2},
	urldate = {2017-03-24},
	journal = {The Quarterly Journal of Economics},
	author = {Alesina, Alberto and Rodrik, Dani},
	year = {1994},
	pages = {465--490}
}

@article{belluzo_distribuicao_2005,
	title = {Distribuição de {Salários} e o {Diferencial} {Público}-{Privado} no {Brasil}},
	volume = {4},
	url = {http://www.scielo.br/pdf/rbe/v59n4/a01v59n4.pdf},
	number = {59},
	urldate = {2016-11-02},
	author = {Belluzo, Walter and Anuatti-Neto, Francisco and Pazello, Elaine T.},
	year = {2005},
	pages = {511--53}
}

@article{olken_direct_2010,
	title = {Direct democracy and local public goods: {Evidence} from a field experiment in {Indonesia}},
	volume = {104},
	shorttitle = {Direct democracy and local public goods},
	url = {http://journals.cambridge.org/article_S0003055410000079},
	number = {02},
	urldate = {2017-06-10},
	journal = {American political science review},
	author = {Olken, Benjamin A.},
	year = {2010},
	pages = {243--267}
}

@article{souza_diferencial_2013,
	title = {Diferencial {Salarial} {Público}-{Privado} e {Desigualdade}  de {Renda}  per capita  no {Brasil}},
	volume = {43},
	issn = {0101- 4161},
	url = {http://www.scielo.br/pdf/ee/v43n1/a01v43n1.pdf},
	urldate = {2016-11-02},
	author = {Souza, Pedro H. G. F. and Medeiros, Marcelo},
	year = {2013},
	pages = {5--28}
}

@article{macedo_diferenciais_1985,
	title = {Diferenciais de salários entre empresas privadas e estatais no {Brasil}},
	volume = {39},
	url = {http://bibliotecadigital.fgv.br/ojs/index.php/rbe/article/viewArticle/353},
	number = {4},
	urldate = {2016-11-12},
	journal = {Revista Brasileira de Economia},
	author = {Macedo, Roberto},
	year = {1985},
	pages = {437--448}
}

@incollection{foguel_diferencas_2012,
	address = {São Paulo},
	edition = {1},
	title = {Diferenças em {Diferenças}},
	url = {http://www.pucsp.br/ecopolitica/downloads/B_2012_Avaliacao_Programas_Sociais.pdf},
	booktitle = {Avaliação econômica de projetos sociais},
	publisher = {Dinâmica Gráfica e Editora Ltda},
	author = {Foguel, Miguel Nathan},
	editor = {Menezes-Filho, Naércio},
	year = {2012},
	pages = {69--82}
}

@article{bardhan_determinants_2010,
	title = {Determinants of redistributive politics: {An} empirical analysis of land reforms in {West} {Bengal}, {India}},
	volume = {100},
	shorttitle = {Determinants of redistributive politics},
	url = {http://www.ingentaconnect.com/content/aea/aer/2010/00000100/00000004/art00010},
	number = {4},
	urldate = {2017-02-22},
	journal = {The American Economic Review},
	author = {Bardhan, Pranab and Mookherjee, Dilip},
	year = {2010},
	pages = {1572--1600}
}

@article{fernandes_desigualdade_2002,
	title = {Desigualdade salarial: aspectos teóricos},
	shorttitle = {Desigualdade salarial},
	url = {https://www.en.ipea.gov.br/agencia/images/stories/PDFs/livros/capitulo1_desigualdade.pdf},
	urldate = {2016-11-12},
	journal = {Estrutura salarial: aspectos conceituais e novos resultados para o Brasil. Rio de Janeiro: Ipea},
	author = {Fernandes, Reynaldo},
	year = {2002},
	pages = {1--50}
}

@article{barro_democracy_1996,
	title = {Democracy and growth},
	volume = {1},
	url = {http://www.springerlink.com/index/r4823288251720r3.pdf},
	number = {1},
	urldate = {2017-06-13},
	journal = {Journal of economic growth},
	author = {Barro, Robert J.},
	year = {1996},
	pages = {1--27}
}

@article{barankay_decentralization_2007,
	title = {Decentralization and the productive efficiency of government: {Evidence} from {Swiss} cantons},
	volume = {91},
	shorttitle = {Decentralization and the productive efficiency of government},
	url = {http://www.sciencedirect.com/science/article/pii/S0047272706001654},
	number = {5},
	urldate = {2017-07-02},
	journal = {Journal of public economics},
	author = {Barankay, Iwan and Lockwood, Ben},
	year = {2007},
	pages = {1197--1218}
}

@article{lipscomb_decentralization_2016,
	title = {Decentralization and pollution spillovers: evidence from the re-drawing of county borders in {Brazil}},
	volume = {84},
	shorttitle = {Decentralization and pollution spillovers},
	url = {https://academic.oup.com/restud/article-abstract/84/1/464/2739716},
	number = {1},
	urldate = {2017-07-02},
	journal = {The Review of Economic Studies},
	author = {Lipscomb, Molly and Mobarak, Ahmed Mushfiq},
	year = {2016},
	pages = {464--502}
}

@book{hossain_credit_1988,
	title = {Credit for alleviation of rural poverty: {The} {Grameen} {Bank} in {Bangladesh}},
	volume = {65},
	shorttitle = {Credit for alleviation of rural poverty},
	url = {https://books.google.com.br/books?hl=pt-BR&lr=&id=T0zEM_jw2coC&oi=fnd&pg=PA7&dq=credit+hossain+1988&ots=0vr23ZAnqf&sig=k6ndZzCbbexUz8HH-l2O0wTjKzE},
	urldate = {2017-04-24},
	publisher = {Intl Food Policy Res Inst},
	author = {Hossain, Mahabub},
	year = {1988}
}

@article{beekman_corruption_2014,
	title = {Corruption, investments and contributions to public goods: {Experimental} evidence from rural {Liberia}},
	volume = {115},
	shorttitle = {Corruption, investments and contributions to public goods},
	url = {http://www.sciencedirect.com/science/article/pii/S0047272714000863},
	urldate = {2017-04-27},
	journal = {Journal of public economics},
	author = {Beekman, Gonne and Bulte, Erwin and Nillesen, Eleonora},
	year = {2014},
	pages = {37--47}
}

@article{niehaus_corruption_2013,
	title = {Corruption dynamics: {The} golden goose effect},
	volume = {5},
	shorttitle = {Corruption dynamics},
	url = {http://www.ingentaconnect.com/content/aea/aejep/2013/00000005/00000004/art00008},
	number = {4},
	urldate = {2017-04-20},
	journal = {American Economic Journal: Economic Policy},
	author = {Niehaus, Paul and Sukhtankar, Sandip},
	year = {2013},
	pages = {230--269}
}

@article{olken_corruption_2006,
	title = {Corruption and the costs of redistribution: {Micro} evidence from {Indonesia}},
	volume = {90},
	shorttitle = {Corruption and the costs of redistribution},
	url = {http://www.sciencedirect.com/science/article/pii/S0047272705000678},
	number = {4},
	urldate = {2017-04-27},
	journal = {Journal of public economics},
	author = {Olken, Benjamin A.},
	year = {2006},
	pages = {853--870}
}

@article{mauro_corruption_1995,
	title = {Corruption and growth},
	volume = {110},
	url = {http://qje.oxfordjournals.org/content/110/3/681.short},
	number = {3},
	urldate = {2017-05-02},
	journal = {The quarterly journal of economics},
	author = {Mauro, Paolo},
	year = {1995},
	pages = {681--712}
}

@article{ferraz_corrupting_2012,
	title = {Corrupting learning: evidence from missing federal education funds in {Brazil}},
	volume = {96},
	shorttitle = {Corrupting learning},
	url = {http://www.sciencedirect.com/science/article/pii/S0047272712000618},
	number = {9},
	urldate = {2017-04-25},
	journal = {Journal of Public Economics},
	author = {Ferraz, Claudio and Finan, Frederico and Moreira, Diana B.},
	year = {2012},
	pages = {712--726}
}

@article{rocha_composicao_2005,
	title = {Composição do {Gasto} {Público} e {Crescimento} {Econômico}: um estudo em painel para os estados brasileiros},
	volume = {33},
	shorttitle = {Composição do {Gasto} {Público} e {Crescimento} {Econômico}},
	url = {http://core.ac.uk/download/pdf/6357221.pdf},
	urldate = {2017-02-06},
	journal = {Encontro Nacional de Economia},
	author = {Rocha, Fabiana and Giuberti, Ana C. and {others}},
	year = {2005}
}

@article{hidrobo_cash_2014,
	title = {Cash, food, or vouchers? {Evidence} from a randomized experiment in northern {Ecuador}},
	volume = {107},
	shorttitle = {Cash, food, or vouchers?},
	url = {http://www.sciencedirect.com/science/article/pii/S0304387813001715},
	urldate = {2017-04-05},
	journal = {Journal of Development Economics},
	author = {Hidrobo, Melissa and Hoddinott, John and Peterman, Amber and Margolies, Amy and Moreira, Vanessa},
	year = {2014},
	pages = {144--156}
}

@article{rocha_composicao_2007,
	title = {Composição do gasto público e crescimento econômico: uma avaliação macroeconômica da qualidade dos gastos dos {Estados} brasileiros},
	volume = {11},
	issn = {1413-8050},
	shorttitle = {Composição do gasto público e crescimento econômico},
	url = {http://www.scielo.br/scielo.php?script=sci_abstract&pid=S1413-80502007000400001&lng=en&nrm=iso&tlng=es},
	doi = {10.1590/S1413-80502007000400001},
	number = {4},
	urldate = {2017-02-06},
	journal = {Economia Aplicada},
	author = {Rocha, Fabiana and Giuberti, Ana Carolina},
	month = dec,
	year = {2007},
	pages = {463--485}
}

@article{pande_can_2003,
	title = {Can mandated political representation increase policy influence for disadvantaged minorities? {Theory} and evidence from {India}},
	volume = {93},
	shorttitle = {Can mandated political representation increase policy influence for disadvantaged minorities?},
	number = {4},
	journal = {The American Economic Review},
	author = {Pande, Rohini},
	year = {2003},
	pages = {1132--1151}
}

@article{abadie_bias-corrected_2011,
	title = {Bias-corrected matching estimators for average treatment effects},
	volume = {29},
	url = {http://amstat.tandfonline.com/doi/abs/10.1198/jbes.2009.07333},
	number = {1},
	urldate = {2017-04-27},
	journal = {Journal of Business \& Economic Statistics},
	author = {Abadie, Alberto and Imbens, Guido W.},
	year = {2011},
	pages = {1--11}
}

@incollection{menezes-filho_avaliacao_2012,
	address = {São Paulo},
	edition = {1},
	title = {Avaliação econômica de projetos sociais},
	url = {http://www.pucsp.br/ecopolitica/downloads/B_2012_Avaliacao_Programas_Sociais.pdf},
	booktitle = {Avaliação econômica de projetos sociais},
	publisher = {Dinâmica Gráfica e Editora Ltda},
	author = {Menezes-Filho, Naércio},
	editor = {Menezes-Filho, Naércio},
	year = {2012},
	pages = {9--11}
}

@incollection{paes_de_barros_avaliacao_2012,
	address = {São Paulo},
	edition = {1},
	title = {Avaliação de {Impacto} de {Programas} {Sociais}},
	url = {http://www.pucsp.br/ecopolitica/downloads/B_2012_Avaliacao_Programas_Sociais.pdf},
	booktitle = {Avaliação de {Impacto} de {Programas} {Sociais}},
	publisher = {Dinâmica Gráfica e Editora Ltda},
	author = {Paes de Barros, Ricardo and Lima, Lycia},
	editor = {Menezes-Filho, Naércio},
	year = {2012},
	pages = {13--29}
}

@article{boueri_avaliacao_2015,
	title = {Avaliação da qualidade do gasto público e mensuração da eficiência},
	journal = {Rogério Boueri, Fabiana Rocha, Fabiana Rodopoulos (Organizadores)-Brasília: Secretaria do Tesouro Nacional},
	author = {Boueri, Rogério and Rocha, Fabiana and Rodopoulos, Fabiana},
	year = {2015}
}

@article{zamboni_audit_2013,
	title = {Audit risk and rent extraction: {Evidence} from a randomized evaluation in {Brazil}},
	shorttitle = {Audit risk and rent extraction},
	url = {https://econ-papers.upf.edu/papers/1270.pdf},
	urldate = {2017-04-21},
	journal = {Universitat Pompeu Fabra},
	author = {Zamboni, Yves and Litschig, Stephan and {others}},
	year = {2013}
}

@article{hutchinson_study_1938,
	title = {A {Study} in {Business} {Mortality}: {Length} of {Life} of {Business} {Enterprises} in {Poughkeepsie}, {New} {York}, 1843-1936},
	shorttitle = {A {Study} in {Business} {Mortality}},
	url = {http://www.jstor.org/stable/1803730},
	urldate = {2017-08-11},
	journal = {The American Economic Review},
	author = {Hutchinson, Ruth Gillette and Hutchinson, Arthur R. and Newcomer, Mabel},
	year = {1938},
	pages = {497--514}
}

@article{rubin_assignment_1977,
	title = {Assignment to {Treatment} {Group} on the {Basis} of a {Covariate}},
	volume = {2},
	url = {http://journals.sagepub.com/doi/abs/10.3102/10769986002001001},
	number = {1},
	urldate = {2017-04-27},
	journal = {Journal of educational Statistics},
	author = {Rubin, Donald B.},
	year = {1977},
	pages = {1--26}
}

@article{grimes_assessing_1997,
	title = {Assessing the effect of rent control on homelessness},
	volume = {41},
	url = {http://www.sciencedirect.com/science/article/pii/S0094119096910852},
	number = {1},
	urldate = {2017-03-29},
	journal = {Journal of Urban Economics},
	author = {Grimes, Paul W. and Chressanthis, George A.},
	year = {1997},
	pages = {23--37}
}

@article{litschig_are_2012,
	title = {Are rules-based government programs shielded from special-interest politics? {Evidence} from revenue-sharing transfers in {Brazil}},
	volume = {96},
	shorttitle = {Are rules-based government programs shielded from special-interest politics?},
	url = {http://www.sciencedirect.com/science/article/pii/S0047272712000977},
	number = {11},
	urldate = {2017-06-16},
	journal = {Journal of public Economics},
	author = {Litschig, Stephan},
	year = {2012},
	pages = {1047--1060}
}

@article{bellante_are_1981,
	title = {Are public sector workers more risk averse than private sector workers?},
	volume = {34},
	url = {http://ilr.sagepub.com/content/34/3/408.short},
	number = {3},
	urldate = {2016-11-12},
	journal = {Industrial \& Labor Relations Review},
	author = {Bellante, Don and Link, Albert N.},
	year = {1981},
	pages = {408--412}
}

@article{fischbacher_are_2001,
	title = {Are people conditionally cooperative? {Evidence} from a public goods experiment},
	volume = {71},
	shorttitle = {Are people conditionally cooperative?},
	url = {http://www.sciencedirect.com/science/article/pii/S0165176501003949},
	number = {3},
	urldate = {2017-03-15},
	journal = {Economics letters},
	author = {Fischbacher, Urs and Gächter, Simon and Fehr, Ernst},
	year = {2001},
	pages = {397--404}
}

@article{forbes_reassessment_2000,
	title = {A {Reassessment} of the {Relationship} between {Inequality} and {Growth}},
	url = {http://www.jstor.org/stable/117312},
	urldate = {2017-03-24},
	journal = {American economic review},
	author = {Forbes, Kristin J.},
	year = {2000},
	pages = {869--887}
}

@article{kenkel_are_2005,
	title = {Are alcohol tax hikes fully passed through to prices? {Evidence} from {Alaska}},
	volume = {95},
	shorttitle = {Are alcohol tax hikes fully passed through to prices?},
	url = {http://www.jstor.org/stable/4132831},
	number = {2},
	urldate = {2017-05-03},
	journal = {The American economic review},
	author = {Kenkel, Donald S.},
	year = {2005},
	pages = {273--277}
}

@book{neri_nova_2010,
	address = {Rio de Janeiro},
	title = {A {Nova} {Classe} {Média}: {O} {Lado} {Brilhante} dos {Pobres}},
	publisher = {FGV/IBRE},
	author = {Neri, Marcelo},
	year = {2010}
}

@article{silva_alise_2002,
	title = {Análise estatística de dados da {PNAD}: incorporando a estrutura do plano amostral},
	volume = {7},
	shorttitle = {Análise estatística de dados da {PNAD}},
	url = {http://www.scielo.br/pdf/csc/v7n4/14597},
	number = {4},
	urldate = {2016-11-05},
	journal = {Ciência \& Saúde Coletiva},
	author = {Silva, Pedro L. N. and Pessoa, Djalma Galvão Carneiro and Lila, Maurício Franca},
	year = {2002},
	pages = {659--670}
}

@article{bogoni_alise_2011,
	title = {Análise da relação entre crescimento econômico e gastos públicos nas maiores cidades da região {Sul} do {Brasil}},
	volume = {45},
	url = {http://bibliotecadigital.fgv.br/ojs/index.php/rap/article/view/6987},
	number = {1},
	urldate = {2017-02-06},
	journal = {Revista de Administração Pública},
	author = {Bogoni, Nadia Mar and Hein, Nelson and Beuren, Ilse Maria},
	year = {2011},
	pages = {159--179}
}

@article{angrist_american_2004,
	title = {American education research changes tack},
	volume = {20},
	url = {http://oxrep.oxfordjournals.org/content/20/2/198.short},
	number = {2},
	urldate = {2017-04-27},
	journal = {Oxford review of economic policy},
	author = {Angrist, Joshua D.},
	year = {2004},
	pages = {198--212}
}

@article{fehr_altruistic_2002,
	title = {Altruistic punishment in humans},
	volume = {415},
	url = {http://www.nature.com/nature/journal/v415/n6868/abs/415137a.html},
	number = {6868},
	urldate = {2017-03-22},
	journal = {Nature},
	author = {Fehr, Ernst and Gächter, Simon},
	year = {2002},
	pages = {137--140}
}

@article{heckman_alternative_1989,
	title = {Alternative methods for evaluating the impact of training programs},
	volume = {84},
	url = {http://www.citeulike.org/group/108/article/553264},
	number = {408},
	urldate = {2017-04-27},
	journal = {Journal of the American Statistical Association},
	author = {Heckman, James and Hotz, Joseph},
	year = {1989},
	pages = {862--880}
}

@article{vygotsky_formacao_1984,
	title = {A formação social da mente},
	volume = {3},
	url = {http://egov.ufsc.br/portal/sites/default/files/vygotsky-a-formac3a7c3a3o-social-da-mente.pdf},
	urldate = {2017-03-11},
	journal = {São Paulo},
	author = {Vygotsky, Lev Semenovich},
	year = {1984}
}

@article{keane_adverse_2016,
	title = {Adverse selection, moral hazard and the demand for {Medigap} insurance},
	volume = {190},
	url = {http://www.sciencedirect.com/science/article/pii/S0304407615002225},
	number = {1},
	urldate = {2017-03-23},
	journal = {Journal of Econometrics},
	author = {Keane, Michael and Stavrunova, Olena},
	year = {2016},
	pages = {62--78}
}

@article{armantier_controlled_2011,
	title = {A controlled field experiment on corruption},
	volume = {55},
	url = {http://www.sciencedirect.com/science/article/pii/S0014292111000389},
	number = {8},
	urldate = {2017-04-21},
	journal = {European Economic Review},
	author = {Armantier, Olivier and Boly, Amadou},
	year = {2011},
	pages = {1072--1082}
}

@article{najberg_sobrevivencia_2000,
	title = {Sobrevivência das firmas no {Brasil}: dez. 1995/dez. 1997},
	volume = {7},
	shorttitle = {Sobrevivência das firmas no {Brasil}},
	url = {https://web.bndes.gov.br/bib/jspui/handle/1408/12274},
	number = {13},
	urldate = {2017-08-22},
	journal = {Revista do BNDES, Rio de Janeiro},
	author = {Najberg, Sheila and Puga, Fernando Pimentel and Oliveira, Paulo André de Souza de},
	year = {2000}
}

@article{holmes_analysis_2010,
	title = {An analysis of new firm survival using a hazard function},
	volume = {42},
	url = {http://www.tandfonline.com/doi/abs/10.1080/00036840701579234},
	number = {2},
	urldate = {2017-08-21},
	journal = {Applied Economics},
	author = {Holmes, Phil and Hunt, A. and Stone, Ian},
	year = {2010},
	pages = {185--195}
}

@article{van_praag_business_2003,
	title = {Business survival and success of young small business owners},
	volume = {21},
	url = {http://www.springerlink.com/index/R52822734727G7R2.pdf},
	number = {1},
	urldate = {2017-08-21},
	journal = {Small Business Economics},
	author = {Van Praag, C. Mirjam},
	year = {2003},
	pages = {1--17}
}

@article{honjo_business_2000,
	title = {Business failure of new firms: an empirical analysis using a multiplicative hazards model},
	volume = {18},
	shorttitle = {Business failure of new firms},
	url = {http://www.sciencedirect.com/science/article/pii/S0167718798000356},
	number = {4},
	urldate = {2017-08-21},
	journal = {International Journal of Industrial Organization},
	author = {Honjo, Yuji},
	year = {2000},
	pages = {557--574}
}

@article{audretsch_new_1995,
	title = {New firm survival: new results using a hazard function},
	shorttitle = {New firm survival},
	url = {http://www.jstor.org/stable/2109995},
	urldate = {2017-08-21},
	journal = {The Review of Economics and Statistics},
	author = {Audretsch, David B. and Mahmood, Talat},
	year = {1995},
	pages = {97--103}
}

@article{whalen_proportional_1991,
	title = {A proportional hazards model of bank failure: an examination of its usefulness as an early warning tool},
	volume = {27},
	shorttitle = {A proportional hazards model of bank failure},
	url = {http://search.proquest.com/openview/4cb2ce52767b71bede0e8486ef1845bc/1?pq-origsite=gscholar&cbl=36359},
	number = {1},
	urldate = {2017-08-21},
	journal = {Economic Review-Federal Reserve Bank of Cleveland},
	author = {Whalen, Gary},
	year = {1991},
	pages = {21}
}

@article{lane_application_1986,
	title = {An application of the {Cox} proportional hazards model to bank failure},
	volume = {10},
	url = {http://www.sciencedirect.com/science/article/pii/S0378426686800036},
	number = {4},
	urldate = {2017-08-21},
	journal = {Journal of Banking \& Finance},
	author = {Lane, William R. and Looney, Stephen W. and Wansley, James W.},
	year = {1986},
	pages = {511--531}
}

@article{abdullah_predicting_2008,
	title = {Predicting corporate failure of {Malaysia}’s listed companies: comparing multiple discriminant analysis, logistic regression and the hazard model},
	volume = {15},
	shorttitle = {Predicting corporate failure of {Malaysia}’s listed companies},
	url = {https://www.researchgate.net/profile/Nur_Adiana_Hiau_Abdullah/publication/265729246_Predicting_Corporate_Failure_of_Malaysia's_Listed_Companies_Comparing_Multiple_Discriminant_Analysis_Logistic_Regression_and_the_Hazard_Model/links/56e5246c08ae68afa110bac2.pdf},
	urldate = {2017-08-21},
	journal = {International Research Journal of Finance and Economics},
	author = {Abdullah, Nur Adiana Hiau and Halim, Abd and Ahmad, Hamilton and Rus, Rohani Md},
	year = {2008},
	pages = {201--217}
}

@article{glennon_measuring_2005,
	title = {Measuring the default risk of small business loans: {A} survival analysis approach},
	volume = {37},
	shorttitle = {Measuring the default risk of small business loans},
	url = {https://muse.jhu.edu/article/186543/summary},
	number = {5},
	urldate = {2017-08-21},
	journal = {Journal of Money, Credit, and Banking},
	author = {Glennon, Dennis C. and Nigro, Peter},
	year = {2005},
	pages = {923--947}
}

@book{neri_microcredito:_2008,
	title = {Microcrédito: o mistério nordestino e o {Grameen} brasileiro: perfil e performance dos clientes do {Crediamigo}},
	shorttitle = {Microcrédito},
	url = {https://books.google.com.br/books?hl=pt-BR&lr=&id=whGHoNkqHpgC&oi=fnd&pg=PA9&dq=marcelo+neri,+microcredito&ots=y4uS9am00-&sig=yJdCSkgLzFpM2NnYBMy4YGczrQs},
	urldate = {2017-08-21},
	publisher = {FGV Editora},
	author = {Neri, Marcelo Cortes},
	year = {2008}
}

@article{cacciamali_o_2014,
	title = {O {Setor} de {Microfinanças} e as {Políticas} de {Microcrédito} no {Brasil} {O} {Setor} de {Microfinanças} e as {Políticas} de {Microcrédito} no {Brasil}},
	journal = {A atividade e a política de microcrédito no Brasil: Visão sobre sua evolução e futuros desafios Fortaleza. IDT, USP},
	author = {Cacciamali, M. C. and Matos, F. and Macambira, J.},
	year = {2014},
	pages = {17--34}
}

@book{noauthor_zotero_nodate-1,
	title = {Zotero {\textbackslash}textbar {Start}},
	url = {https://www.zotero.org/start}
}

@article{holanda_diferencial_2009,
	title = {Diferencial de salários entre os setores público e privado: uma resenha da literatura},
	volume = {1457},
	issn = {1415-4765},
	url = {http://www.ipea.gov.br/portal/images/stories/PDFs/TDs/td_1457.pdf},
	number = {IPEA},
	author = {Holanda, Ana Luiza Neves},
	year = {2009}
}

@article{holanda_barbosa_diferencial_2012,
	title = {Diferencial de salários entre os setores público e privado no {Brasil}: um modelo de escolha endógena},
	issn = {1415-4765},
	url = {http://www.en.ipea.gov.br/agencia/images/stories/PDFs/TDs/td_1713.pdf},
	number = {IPEA},
	author = {Holanda Barbosa, Ana Luiza Neves and Holanda Barbosa Filho, Fernando},
	year = {2012}
}

@book{noauthor_gasto_nodate,
	title = {Gasto público e crescimento econômico no {Brasil}: uma análise comparativa dos gastos das esferas de governo},
	url = {http://www.scielo.br/scielo.php?pid=S0034-71402010000400005&script=sci_arttext}
}

@techreport{ibge_pesquisa_2008,
	title = {Pesquisa de {Orçamentos} {Familiares}},
	url = {http://www.ibge.gov.br/home/estatistica/populacao/condicaodevida/pof/2008_2009/microdados.shtm},
	author = {{IBGE}},
	year = {2008}
}

@misc{distrito-federal_lei_2014,
	title = {Lei nº 5.422, de 24 de novembro de 2014. {Dispõe} sobre a obrigatoriedade de avaliação dos impactos das políticas fiscais, tributárias e creditícias do {Governo} do {Distrito} {Federal} e dá outras providências.},
	url = {http://legislacao.cl.df.gov.br/Legislacao/consultaTextoLeiParaNormaJuridicaNJUR-377829!buscarTextoLeiParaNormaJuridicaNJUR.action;jsessionid=4D9216C760313E85CFB0F15DEA2CA935},
	abstract = {\{D\}ispõe sobre a obrigatoriedade de avaliação dos impactos das políticas fiscais, tributárias e creditícias do Governo do Distrito Federal e dá outras providências.},
	urldate = {2016-08-30},
	author = {{DISTRITO-FEDERAL}},
	month = nov,
	year = {2014}
}

@article{brasil_constituicao_1988,
	title = {Constituição da {República} {Federativa} do {Brasil}},
	journal = {Brasília: Senado Federal},
	author = {{BRASIL}},
	year = {1988}
}

@article{brasil_constituicao_1988-1,
	title = {Constituição da {República} {Federativa} do {Brasil}},
	journal = {Brasília: Senado Federal},
	author = {BRASIL},
	year = {1988}
}

@misc{distrito-federal_lei_2014-1,
	title = {Lei nº 5.422, de 24 de novembro de 2014. {Dispõe} sobre a obrigatoriedade de avaliação dos impactos das políticas fiscais, tributárias e creditícias do {Governo} do {Distrito} {Federal} e dá outras providências.},
	url = {http://legislacao.cl.df.gov.br/Legislacao/consultaTextoLeiParaNormaJuridicaNJUR-377829!buscarTextoLeiParaNormaJuridicaNJUR.action;jsessionid=4D9216C760313E85CFB0F15DEA2CA935},
	abstract = {\{D\}ispõe sobre a obrigatoriedade de avaliação dos impactos das políticas fiscais, tributárias e creditícias do Governo do Distrito Federal e dá outras providências.},
	urldate = {2016-08-30},
	author = {DISTRITO-FEDERAL},
	month = nov,
	year = {2014}
}

@techreport{ibge_pesquisa_2008-1,
	title = {Pesquisa de {Orçamentos} {Familiares}},
	url = {http://www.ibge.gov.br/home/estatistica/populacao/condicaodevida/pof/2008_2009/microdados.shtm},
	author = {IBGE},
	year = {2008}
}

@misc{abep_criterio_2016,
	title = {Critério {Brasil} 2015 e atualização da distribuição de classes para 2016},
	url = {file:///D:/Downloads/01_cceb_2016_11_04_16_final%20(1).pdf},
	urldate = {2016-12-06},
	author = {ABEP, Associação Brasileira de Empresas de Pesqusia},
	year = {2016}
}

@misc{noauthor_brasil_2000,
	title = {{BRASIL}},
	url = {https://www.planalto.gov.br/ccivil_03/leis/lcp/lcp101.htm},
	abstract = {LEI COMPLEMENTAR Nº 101, DE 4 DE MAIO DE 2000.

Estabelece normas de finanças públicas voltadas para a responsabilidade na gestão fiscal e dá outras providências.},
	urldate = {2016-11-02},
	month = may,
	year = {2000}
}

@misc{center_for_history_and_new_media_guia_nodate,
	title = {Guia de {Início} {Rápido} do {Zotero}},
	url = {http://zotero.org/support/quick_start_guide},
	author = {{Center for History and New Media}}
}

@misc{noauthor_zotero_nodate-2,
	title = {Zotero {\textbar} {Start}},
	url = {https://www.zotero.org/start},
	urldate = {2016-07-17},
	file = {Zotero | Start:C\:\\Users\\thiga\\Zotero\\storage\\98NXKNJM\\start.html:text/html}
}

@article{alesina_redistributive_2000,
	title = {Redistributive public employment},
	volume = {48},
	url = {http://www.sciencedirect.com/science/article/pii/S0094119099921642},
	number = {2},
	urldate = {2017-07-21},
	journal = {Journal of Urban Economics},
	author = {Alesina, Alberto and Baqir, Reza and Easterly, William},
	year = {2000},
	pages = {219--241}
}

@article{imbens_recent_2009,
	title = {Recent developments in the econometrics of program evaluation},
	volume = {47},
	url = {http://www.ingentaconnect.com/content/aea/jel/2009/00000047/00000001/art00001},
	number = {1},
	urldate = {2017-04-27},
	journal = {Journal of economic literature},
	author = {Imbens, Guido W. and Wooldridge, Jeffrey M.},
	year = {2009},
	pages = {5--86}
}

@article{hossain_reaching_1997,
	title = {Reaching the poor with effective microcredit: evaluation of a {Grameen} {Bank} replication in the {Philippines}},
	volume = {45},
	shorttitle = {Reaching the poor with effective microcredit},
	url = {http://www.jstor.org/stable/41853691},
	number = {1/4},
	urldate = {2017-04-20},
	journal = {Philippine Sociological Review},
	author = {Hossain, Mahabub and Diaz, Catalina P.},
	year = {1997},
	pages = {89--121}
}

@article{gregory_recent_1999,
	title = {Recent developments in public sector labor markets},
	volume = {3},
	url = {http://www.sciencedirect.com/science/article/pii/S1573446399300444},
	urldate = {2016-11-12},
	journal = {Handbook of labor economics},
	author = {Gregory, Robert G. and Borland, Jeff},
	year = {1999},
	pages = {3573--3630}
}

@article{rubin_randomization_1980,
	title = {Randomization analysis of experimental data: {The} {Fisher} randomization test comment},
	volume = {75},
	shorttitle = {Randomization analysis of experimental data},
	url = {http://www.jstor.org/stable/2287653},
	number = {371},
	urldate = {2017-04-27},
	journal = {Journal of the American Statistical Association},
	author = {Rubin, Donald B.},
	year = {1980},
	pages = {591--593}
}

@article{stromberg_radios_2004,
	title = {Radio's impact on public spending},
	volume = {119},
	url = {http://trafficlight.bitdefender.com/info?url=http%3A//qje.oxfordjournals.org/content/119/1/189.short&language=en_US},
	number = {1},
	urldate = {2017-05-20},
	journal = {The Quarterly Journal of Economics},
	author = {Strömberg, David},
	year = {2004},
	pages = {189--221}
}

@article{afonso_quality_2005,
	title = {Quality of public finances and growth},
	url = {https://papers.ssrn.com/sol3/papers.cfm?abstract_id=663965},
	urldate = {2017-02-08},
	author = {Afonso, António and Ebert, Werner and Schuknecht, Ludger and Thöne, Michael},
	year = {2005}
}

@book{ehrenberg_public_1983,
	title = {Public sector labor markets},
	url = {http://www.nber.org/papers/w1179},
	urldate = {2016-11-13},
	publisher = {National Bureau of Economic Research Cambridge, Mass., USA},
	author = {Ehrenberg, Ronald G. and Schwarz, Joshua L.},
	year = {1983}
}

@article{heitmueller_public-private_2004,
	title = {Public-private sector wage differentials in {Scotland}: {An} endogenous switching model},
	shorttitle = {Public-private sector wage differentials in {Scotland}},
	url = {http://papers.ssrn.com/sol3/papers.cfm?abstract_id=494227},
	urldate = {2016-11-12},
	author = {Heitmueller, Axel},
	year = {2004}
}

@article{disney_public-private_2007,
	title = {Public-private sector wage differentials around the world: methods and evidence},
	shorttitle = {Public-private sector wage differentials around the world},
	url = {https://www.researchgate.net/profile/Richard_Disney/publication/228386481_Public-private_sector_wage_differentials_around_the_world_methods_and_evidence/links/0f317533aa49419f18000000.pdf},
	urldate = {2016-11-12},
	journal = {University of Nottingham},
	author = {Disney, Richard},
	year = {2007}
}

@article{alesina_public_1999,
	title = {Public goods and ethnic divisions},
	volume = {114},
	url = {http://qje.oxfordjournals.org/content/114/4/1243.short},
	number = {4},
	urldate = {2017-03-22},
	journal = {The Quarterly Journal of Economics},
	author = {Alesina, Alberto and Baqir, Reza and Easterly, William},
	year = {1999},
	pages = {1243--1284}
}

@article{mattos_programas_2013,
	title = {Programas de incentivos fiscais são eficazes?: evidência a partir da avaliação do impacto do programa nota fiscal paulista sobre a arrecadação de {ICMS}},
	volume = {67},
	shorttitle = {Programas de incentivos fiscais são eficazes?},
	url = {http://www.scielo.br/scielo.php?pid=s0034-71402013000100005&script=sci_arttext},
	number = {1},
	urldate = {2017-03-24},
	journal = {Revista Brasileira de Economia},
	author = {Mattos, Enlinson and Rocha, Fabiana and Toporcov, Patricia},
	year = {2013},
	pages = {97--120}
}

@article{bursztyn_poverty_2016,
	title = {Poverty and the political economy of public education spending: {Evidence} from {Brazil}},
	volume = {14},
	shorttitle = {Poverty and the political economy of public education spending},
	url = {http://trafficlight.bitdefender.com/info?url=http%3A//onlinelibrary.wiley.com/doi/10.1111/jeea.12174/full&language=en_US},
	number = {5},
	urldate = {2017-05-10},
	journal = {Journal of the European Economic Association},
	author = {Bursztyn, Leonardo},
	year = {2016},
	pages = {1101--1128}
}

@article{brender_political_2005,
	title = {Political budget cycles in new versus established democracies},
	volume = {52},
	url = {http://trafficlight.bitdefender.com/info?url=http%3A//www.sciencedirect.com/science/article/pii/S0304393205000887&language=en_US},
	number = {7},
	urldate = {2017-05-18},
	journal = {Journal of monetary Economics},
	author = {Brender, Adi and Drazen, Allan},
	year = {2005},
	pages = {1271--1295}
}

@article{snowberg_partisan_2007,
	title = {Partisan impacts on the economy: evidence from prediction markets and close elections},
	volume = {122},
	shorttitle = {Partisan impacts on the economy},
	url = {http://trafficlight.bitdefender.com/info?url=http%3A//qje.oxfordjournals.org/content/122/2/807.short&language=en_US},
	number = {2},
	urldate = {2017-05-16},
	journal = {The Quarterly Journal of Economics},
	author = {Snowberg, Erik and Wolfers, Justin and Zitzewitz, Eric},
	year = {2007},
	pages = {807--829}
}

@article{durante_partisan_2012,
	title = {Partisan control, media bias, and viewer responses: {Evidence} from {Berlusconi}'s {Italy}},
	volume = {10},
	shorttitle = {Partisan control, media bias, and viewer responses},
	url = {http://onlinelibrary.wiley.com/doi/10.1111/j.1542-4774.2011.01060.x/full},
	number = {3},
	urldate = {2017-06-04},
	journal = {Journal of the European Economic Association},
	author = {Durante, Ruben and Knight, Brian},
	year = {2012},
	pages = {451--481}
}

@incollection{pinto_pareamento_2012,
	address = {São Paulo},
	edition = {1},
	title = {Pareamento},
	url = {http://www.pucsp.br/ecopolitica/downloads/B_2012_Avaliacao_Programas_Sociais.pdf},
	booktitle = {Avaliação econômica de projetos sociais},
	publisher = {Dinâmica Gráfica e Editora Ltda},
	author = {Pinto, Cristine Campos Xavier},
	editor = {Menezes-Filho, Naércio},
	year = {2012},
	pages = {85--102}
}

@article{candido_junior_os_2001,
	title = {Os gastos públicos no {Brasil} são produtivos?},
	url = {https://www.en.ipea.gov.br/ppp/index.php/PPP/article/view/77},
	number = {23},
	urldate = {2017-02-06},
	journal = {Planejamento e políticas públicas},
	author = {Cândido Júnior, José Oswaldo},
	year = {2001}
}

@book{menezes-filho_os_2007,
	title = {Os determinantes do desempenho escolar do {Brasil}},
	url = {https://www.todospelaeducacao.org.br/arquivos/biblioteca/f4e8070a-8390-479c-a532-803bbf14993a.pdf},
	urldate = {2017-07-03},
	publisher = {IFB},
	author = {Menezes-Filho, Naércio Aquino},
	year = {2007}
}

@article{mankiw_optimal_2009,
	title = {Optimal {Taxation} in {Theory} and {Practice}},
	volume = {23},
	url = {http://homepage.univie.ac.at/karin.mayr/teaching/topics/readings/mankiw,%20weinzierl%20yagan%20(2009).pdf},
	number = {4},
	urldate = {2017-05-06},
	journal = {The Journal of Economic Perspectives},
	author = {Mankiw, N. Gregory and Weinzierl, Matthew and Yagan, Danny},
	year = {2009},
	pages = {147--174}
}

@article{akhmedov_opportunistic_2004,
	title = {Opportunistic political cycles: test in a young democracy setting},
	volume = {119},
	shorttitle = {Opportunistic political cycles},
	url = {http://trafficlight.bitdefender.com/info?url=http%3A//qje.oxfordjournals.org/content/119/4/1301.short&language=en_US},
	number = {4},
	urldate = {2017-05-18},
	journal = {The Quarterly Journal of Economics},
	author = {Akhmedov, Akhmed and Zhuravskaya, Ekaterina},
	year = {2004},
	pages = {1301--1338}
}

@article{sakurai_opportunistic_2011,
	title = {Opportunistic and partisan election cycles in {Brazil}: new evidence at the municipal level},
	volume = {148},
	shorttitle = {Opportunistic and partisan election cycles in {Brazil}},
	url = {http://trafficlight.bitdefender.com/info?url=http%3A//www.springerlink.com/index/u0vtm5165545rg24.pdf&language=en_US},
	number = {1},
	urldate = {2017-05-18},
	journal = {Public Choice},
	author = {Sakurai, Sergio Naruhiko and Menezes-Filho, Naercio},
	year = {2011},
	pages = {233--247}
}

@article{schreiber_o_2009,
	title = {O {Papel} {Do} {Microcrédito} {No} {Combate} à {Pobreza}: {Avaliação} do impacto do {Microcrédito} sobre a renda dos microempreendedores, clientes do {Banco} do empreendedor},
	shorttitle = {O {Papel} {Do} {Microcrédito} {No} {Combate} à {Pobreza}},
	url = {http://www.economia.ufpr.br/Teses%20Doutorado/29%20JOS%C3%89%20GENTIL%20SCHREIBER.pdf},
	urldate = {2017-04-24},
	journal = {Curitiba: Universidade Federal do Paraná},
	author = {Schreiber, Jose Gentil},
	year = {2009}
}

@phdthesis{palacio_o_2012,
	title = {O impacto do {Programa} {Sua} {Nota} {Vale} {Dinheiro} sobre a arrecadação do {ICMS} no {Estado} do {Ceará}},
	url = {http://repositorio.ufc.br/handle/riufc/6319},
	urldate = {2017-03-24},
	author = {Palácio, Maria Iara Henrique},
	year = {2012}
}

@phdthesis{ribeiro_o_2016,
	title = {O impacto da nota fiscal eletrônica sobre a arrecadação do {ICMS} dos estados brasileiros: uma análise com dados em painel para o período de 1996 a 2011},
	shorttitle = {O impacto da nota fiscal eletrônica sobre a arrecadação do {ICMS} dos estados brasileiros},
	url = {http://www.repositorio.ufrn.br:8080/jspui/handle/123456789/21291},
	urldate = {2017-03-24},
	school = {Universidade Federal do Rio Grande do Norte},
	author = {Ribeiro, Antonia Wigna de Almeida},
	year = {2016}
}

@article{bertrand_obtaining_2007,
	title = {Obtaining a driver's license in {India}: an experimental approach to studying corruption},
	volume = {122},
	shorttitle = {Obtaining a driver's license in {India}},
	url = {http://qje.oxfordjournals.org/content/122/4/1639.short},
	number = {4},
	urldate = {2017-04-29},
	journal = {The Quarterly Journal of Economics},
	author = {Bertrand, Marianne and Djankov, Simeon and Hanna, Rema and Mullainathan, Sendhil},
	year = {2007},
	pages = {1639--1676}
}

@article{pomeranz_no_2015,
	title = {No taxation without information: {Deterrence} and self-enforcement in the value added tax},
	volume = {105},
	shorttitle = {No taxation without information},
	number = {8},
	journal = {The American Economic Review},
	author = {Pomeranz, Dina},
	year = {2015},
	pages = {2539--2569}
}

@article{eisensee_news_2007,
	title = {News droughts, news floods, and {US} disaster relief},
	volume = {122},
	url = {http://trafficlight.bitdefender.com/info?url=http%3A//qje.oxfordjournals.org/content/122/2/693.short&language=en_US},
	number = {2},
	urldate = {2017-05-20},
	journal = {The Quarterly Journal of Economics},
	author = {Eisensee, Thomas and Strömberg, David},
	year = {2007},
	pages = {693--728}
}

@article{de_brauw_must_2011,
	title = {Must conditional cash transfer programs be conditioned to be effective? {The} impact of conditioning transfers on school enrollment in {Mexico}},
	volume = {96},
	shorttitle = {Must conditional cash transfer programs be conditioned to be effective?},
	url = {http://www.sciencedirect.com/science/article/pii/S0304387810000982},
	number = {2},
	urldate = {2017-04-05},
	journal = {Journal of development Economics},
	author = {De Brauw, Alan and Hoddinott, John},
	year = {2011},
	pages = {359--370}
}

@techreport{arvate_municipality_2008,
	title = {Municipality secession, voter’s preference and persistence of power},
	url = {http://www.webmeets.com/files/papers/LACEA-LAMES/2008/159/Is%20decentralization%20important%20to%20the%20voters_lacea1.pdf},
	urldate = {2017-07-02},
	author = {Arvate, Paulo and Ponczek, Vladimir and {others}},
	year = {2008}
}

@techreport{ferraz_motivating_2009,
	title = {Motivating politicians: {The} impacts of monetary incentives on quality and performance},
	shorttitle = {Motivating politicians},
	url = {http://trafficlight.bitdefender.com/info?url=http%3A//www.nber.org/papers/w14906&language=en_US},
	urldate = {2017-05-15},
	institution = {National Bureau of Economic Research},
	author = {Ferraz, Claudio and Finan, Frederico},
	year = {2009}
}

@book{angrist_mostly_2008,
	title = {Mostly harmless econometrics: {An} empiricist's companion},
	shorttitle = {Mostly harmless econometrics},
	url = {https://books.google.com.br/books?hl=pt-BR&lr=&id=ztXL21Xd8v8C&oi=fnd&pg=PR8&dq=most+harmless+econometrics&ots=Uib4VD3KxO&sig=p6eo6G6kb-AlhpDBmg-MS1Gfj1U},
	urldate = {2017-04-27},
	publisher = {Princeton university press},
	author = {Angrist, Joshua D. and Pischke, Jörn-Steffen},
	year = {2008}
}

@article{olken_monitoring_2007,
	title = {Monitoring corruption: evidence from a field experiment in {Indonesia}},
	volume = {115},
	shorttitle = {Monitoring corruption},
	url = {http://www.journals.uchicago.edu/doi/abs/10.1086/517935},
	number = {2},
	urldate = {2017-04-21},
	journal = {Journal of political Economy},
	author = {Olken, Benjamin A.},
	year = {2007},
	pages = {200--249}
}

@article{lemos_minimum_2004,
	title = {Minimum wage policy and employment effects: {Evidence} from {Brazil}},
	volume = {5},
	shorttitle = {Minimum wage policy and employment effects},
	url = {https://muse.jhu.edu/article/178390/summary},
	number = {1},
	urldate = {2017-03-28},
	journal = {Economia},
	author = {Lemos, Sara},
	year = {2004},
	pages = {219--266}
}

@article{barnes_microfinance_2001,
	title = {Microfinance program clients and impact: {An} assessment of {Zambuko} {Trust}, {Zimbabwe}},
	shorttitle = {Microfinance program clients and impact},
	url = {http://pdf.usaid.gov/pdf_docs/PNACN575.pdf},
	urldate = {2017-04-24},
	journal = {Washington, DC: AIMS},
	author = {Barnes, Carolyn and Keogh, Erica and Nemarundwe, Nontokozo},
	year = {2001}
}

@article{karlan_microfinance_2001,
	title = {Microfinance impact assessments: {The} perils of using new members as a control group},
	volume = {3},
	shorttitle = {Microfinance impact assessments},
	url = {https://journals.lib.byu.edu/spc/index.php/E_x_S_y_R/article/view/1359},
	number = {2},
	urldate = {2017-04-24},
	journal = {Journal of Microfinance/ESR Review},
	author = {Karlan, Dean S.},
	year = {2001},
	pages = {75--85}
}

@article{araujo_microcredito_2014,
	title = {Microcrédito ontem e hoje},
	journal = {Matos, F., Macambira, J., \& Cacciamali, MC A atividade e a política do microcrédito no Brasil: visões sobre a evolução e futuros desafios. Fortaleza. Instituto do Desenvolvimento do Trabalho},
	author = {Araújo, T. P. and Lima, R. A.},
	year = {2014}
}

@article{costanzi_microcredito_2002,
	title = {Microcrédito no âmbito das políticas públicas de trabalho e renda},
	url = {http://repositorio.ipea.gov.br/handle/11058/5596},
	urldate = {2017-08-10},
	author = {Costanzi, Rogério Nagamine},
	year = {2002}
}

@article{angelucci_microcredit_2015,
	title = {Microcredit impacts: {Evidence} from a randomized microcredit program placement experiment by {Compartamos} {Banco}},
	volume = {7},
	shorttitle = {Microcredit impacts},
	url = {http://www.ingentaconnect.com/content/aea/aejae/2015/00000007/00000001/art00006},
	number = {1},
	urldate = {2017-04-24},
	journal = {American Economic Journal: Applied Economics},
	author = {Angelucci, Manuela and Karlan, Dean and Zinman, Jonathan},
	year = {2015},
	pages = {151--182}
}

@incollection{santiago_microcredito_2014,
	title = {Microcrédito, emancipação empreendedora e combate à pobreza: controvérsias e outros caminhos},
	shorttitle = {Microcrédito, emancipação empreendedora e combate à pobreza},
	url = {http://repositorio.ufc.br/ri/handle/riufc/21290},
	urldate = {2017-08-07},
	publisher = {IDT/USP},
	author = {Santiago, Eduardo Girão},
	year = {2014}
}

@article{aroca_microcredit_2009,
	title = {Microcredit impact assessment: {The} {Brazilian} and {Chilean} cases},
	volume = {27},
	shorttitle = {Microcredit impact assessment},
	url = {https://www.researchgate.net/profile/Geoffrey_Hewings/publication/45499660_Microcredit_Impact_Assessment_The_Brazilian_and_Chilean_Cases/links/0fcfd50b80d7864f1a000000.pdf},
	number = {39},
	urldate = {2017-04-24},
	journal = {Panorama Socioeconómico},
	author = {Aroca, Patricio and Hewings, Geoffrey JD},
	year = {2009},
	pages = {100}
}

@article{horacio_media_2014,
	title = {Media {Networks} and {Political} {Accountability}: {Evidence} from {Radio} {Networks} in {Brazil}},
	shorttitle = {Media {Networks} and {Political} {Accountability}},
	url = {http://trafficlight.bitdefender.com/info?url=http%3A//joanamonteiro.webs.com/Papers/Media_Networks_June.pdf&language=en_US},
	urldate = {2017-05-20},
	author = {Horacio, A. and Monteiro, Joana CM},
	year = {2014}
}

@article{enikolopov_media_2011,
	title = {Media and political persuasion: {Evidence} from {Russia}},
	volume = {101},
	shorttitle = {Media and political persuasion},
	number = {7},
	journal = {The American Economic Review},
	author = {Enikolopov, Ruben and Petrova, Maria and Zhuravskaya, Ekaterina},
	year = {2011},
	pages = {3253--3285}
}

@article{heckman_matching_1998,
	title = {Matching as an econometric evaluation estimator},
	volume = {65},
	url = {http://restud.oxfordjournals.org/content/65/2/261.short},
	number = {2},
	urldate = {2017-04-27},
	journal = {The Review of Economic Studies},
	author = {Heckman, James J. and Ichimura, Hidehiko and Todd, Petra},
	year = {1998},
	pages = {261--294}
}

@article{chen_managing_2001,
	title = {Managing resources, activities, and risk in urban {India}: {The} impact of {SEWA} {Bank}},
	shorttitle = {Managing resources, activities, and risk in urban {India}},
	url = {http://citeseerx.ist.psu.edu/viewdoc/download?doi=10.1.1.464.3905&rep=rep1&type=pdf},
	urldate = {2017-04-24},
	journal = {Washington, DC: AIMS},
	author = {Chen, Martha A. and Snodgrass, Donald},
	year = {2001}
}

@article{oaxaca_male-female_1973,
	title = {Male-female wage differentials in urban labor markets},
	url = {http://www.jstor.org/stable/2525981},
	urldate = {2017-07-21},
	journal = {International economic review},
	author = {Oaxaca, Ronald},
	year = {1973},
	pages = {693--709}
}

@article{heckman_making_1997,
	title = {Making the most out of programme evaluations and social experiments: {Accounting} for heterogeneity in programme impacts},
	volume = {64},
	shorttitle = {Making the most out of programme evaluations and social experiments},
	url = {http://restud.oxfordjournals.org/content/64/4/487.short},
	number = {4},
	urldate = {2017-04-27},
	journal = {The Review of Economic Studies},
	author = {Heckman, James J. and Smith, Jeffrey and Clements, Nancy},
	year = {1997},
	pages = {487--535}
}

@article{araujo_local_2008,
	title = {Local inequality and project choice: {Theory} and evidence from {Ecuador}},
	volume = {92},
	shorttitle = {Local inequality and project choice},
	url = {http://www.sciencedirect.com/science/article/pii/S0047272707001855},
	number = {5},
	urldate = {2017-03-28},
	journal = {Journal of Public Economics},
	author = {Araujo, M. Caridad and Ferreira, Francisco HG and Lanjouw, Peter and Özler, Berk},
	year = {2008},
	pages = {1022--1046}
}

@techreport{de_carvalho_filho_long-run_2016,
	title = {Long-run {Impacts} of {Intergovernmental} {Transfers}},
	url = {http://www.barcelonagse.eu/sites/default/files/working_paper_pdfs/718.pdf},
	urldate = {2017-06-24},
	author = {de Carvalho Filho, Irineu and Litschig, Stephan and {others}},
	year = {2016}
}

@article{de_janvry_local_2012,
	title = {Local electoral incentives and decentralized program performance},
	volume = {94},
	url = {http://trafficlight.bitdefender.com/info?url=http%3A//www.mitpressjournals.org/doi/abs/10.1162/REST_a_00182&language=en_US},
	number = {3},
	urldate = {2017-05-25},
	journal = {Review of Economics and Statistics},
	author = {De Janvry, Alain and Finan, Frederico and Sadoulet, Elisabeth},
	year = {2012},
	pages = {672--685}
}

@article{padro_i_miquel_legislative_2004,
	title = {Legislative effectiveness and legislative life},
	url = {http://trafficlight.bitdefender.com/info?url=https%3A//papers.ssrn.com/sol3/papers.cfm%3Fabstract_id%3D576406&language=en_US},
	urldate = {2017-05-25},
	author = {Padró i Miquel, Gerard and Snyder, James M.},
	year = {2004}
}

@article{abadie_large_2006,
	title = {Large sample properties of matching estimators for average treatment effects},
	volume = {74},
	url = {http://onlinelibrary.wiley.com/doi/10.1111/j.1468-0262.2006.00655.x/full},
	number = {1},
	urldate = {2017-04-27},
	journal = {econometrica},
	author = {Abadie, Alberto and Imbens, Guido W.},
	year = {2006},
	pages = {235--267}
}

@article{littlefield_is_2003,
	title = {Is microfinance an effective strategy to reach the {Millennium} {Development} {Goals}?},
	volume = {24},
	url = {http://www.academia.edu/download/8384719/mf-mdgs-morduch.pdf},
	number = {2003},
	urldate = {2017-04-20},
	journal = {Focus note},
	author = {Littlefield, Elizabeth and Morduch, Jonathan and Hashemi, Syed},
	year = {2003},
	pages = {1--11}
}

@article{persson_is_1994,
	title = {Is inequality harmful for growth?},
	url = {http://www.jstor.org/stable/2118070},
	urldate = {2017-03-23},
	journal = {The American Economic Review},
	author = {Persson, Torsten and Tabellini, Guido},
	year = {1994},
	pages = {600--621}
}

@article{becker_investment_1962,
	title = {Investment in human capital: {A} theoretical analysis},
	shorttitle = {Investment in human capital},
	url = {http://www.jstor.org/stable/1829103},
	urldate = {2016-11-02},
	journal = {The journal of political economy},
	author = {Becker, Gary S.},
	year = {1962},
	pages = {9--49}
}

@article{mincer_investment_1958,
	title = {Investment in human capital and personal income distribution},
	url = {http://www.jstor.org/stable/1827422},
	urldate = {2016-11-02},
	journal = {The journal of political economy},
	author = {Mincer, Jacob},
	year = {1958},
	pages = {281--302}
}

@article{gertler_investing_2012,
	title = {Investing cash transfers to raise long-term living standards},
	volume = {4},
	url = {http://www.ingentaconnect.com/content/aea/aejae/2012/00000004/00000001/art00007},
	number = {1},
	urldate = {2017-04-04},
	journal = {American Economic Journal: Applied Economics},
	author = {Gertler, Paul J. and Martinez, Sebastian W. and Rubio-Codina, Marta},
	year = {2012},
	pages = {164--192}
}

@article{pereira_instituicoes_2005,
	title = {Instituições, bom estado e reforma da gestão pública},
	url = {http://www.academia.edu/download/30970735/rere-1-marco-2005-luiz_carlos_bresser_pereira.pdf},
	number = {01},
	urldate = {2017-07-21},
	journal = {Revista Eletrônica sobre a Reforma do Estado. Salvador},
	author = {Pereira, Luiz Carlos Bresser},
	year = {2005}
}

@article{kelly_inequality_2000,
	title = {Inequality and crime},
	volume = {82},
	url = {http://www.mitpressjournals.org/doi/abs/10.1162/003465300559028},
	number = {4},
	urldate = {2017-03-28},
	journal = {Review of economics and Statistics},
	author = {Kelly, Morgan},
	year = {2000},
	pages = {530--539}
}

@article{angelucci_indirect_2009,
	title = {Indirect effects of an aid program: how do cash transfers affect ineligibles' consumption?},
	volume = {99},
	shorttitle = {Indirect effects of an aid program},
	url = {http://www.ingentaconnect.com/content/aea/aer/2009/00000099/00000001/art00019},
	number = {1},
	urldate = {2017-03-30},
	journal = {The American Economic Review},
	author = {Angelucci, Manuela and De Giorgi, Giacomo},
	year = {2009},
	pages = {486--508}
}

@phdthesis{lincoln_incentivos_2016,
	address = {Brasília: UnB},
	type = {Trabalho de conclusão de curso},
	title = {Incentivos ao {Cumprimento} da {Obrigação} {Tributária}: {Impacto} do {Programa} {Nota} {Legal} do {Distrito} {Federal} sobre a {Arrecadação} do {ICMS}},
	author = {Lincoln, Marco A L},
	year = {2016}
}

@phdthesis{neto_impacto_2006,
	title = {Impacto em renda do microcrédito: uma investigação empírica sobre geração de renda do {Crédito} {Popular} {Solidário} ({São} {Paulo} {Confia}), no {Município} de {São} {Paulo}},
	shorttitle = {Impacto em renda do microcrédito},
	url = {http://bibliotecadigital.fgv.br/dspace/handle/10438/2499},
	urldate = {2017-04-24},
	author = {Neto, Monzoni and Prestes, Mario},
	year = {2006}
}

@techreport{bertrand_how_2002,
	title = {How much should we trust differences-in-differences estimates?},
	url = {http://www.nber.org/papers/w8841},
	urldate = {2017-04-27},
	institution = {National Bureau of Economic Research},
	author = {Bertrand, Marianne and Duflo, Esther and Mullainathan, Sendhil},
	year = {2002}
}

@article{acemoglu_how_2000,
	title = {How large are human-capital externalities? {Evidence} from compulsory schooling laws},
	volume = {15},
	shorttitle = {How large are human-capital externalities?},
	url = {http://www.journals.uchicago.edu/doi/abs/10.1086/654403},
	urldate = {2017-03-22},
	journal = {NBER macroeconomics annual},
	author = {Acemoglu, Daron and Angrist, Joshua},
	year = {2000},
	pages = {9--59}
}

@article{nannicini_how_2012,
	title = {How {Do} {Voters} {Respond} to {Information}? {Evidence} from a {Randomized} {Campaign}},
	shorttitle = {How {Do} {Voters} {Respond} to {Information}?},
	url = {https://feb.kuleuven.be/drc/Economics/misc/seminars/papers2012/Presentation_Nannicini.pdf},
	urldate = {2017-06-04},
	journal = {Work in progress},
	author = {Nannicini, Tommaso and Trebbi, Francesco and Seminar, C. E. S.},
	year = {2012}
}

@article{levitt_how_1996,
	title = {How do senators vote? {Disentangling} the role of voter preferences, party affiliation, and senator ideology},
	shorttitle = {How do senators vote?},
	url = {http://trafficlight.bitdefender.com/info?url=http%3A//www.jstor.org/stable/2118205&language=en_US},
	urldate = {2017-05-16},
	journal = {The American Economic Review},
	author = {Levitt, Steven D.},
	year = {1996},
	pages = {425--441}
}

@article{funk_how_2013,
	title = {How do electoral systems affect fiscal policy? {Evidence} from cantonal parliaments, 1890–2000},
	volume = {11},
	shorttitle = {How do electoral systems affect fiscal policy?},
	url = {http://onlinelibrary.wiley.com/doi/10.1111/jeea.12031/full},
	number = {5},
	urldate = {2017-06-06},
	journal = {Journal of the European Economic Association},
	author = {Funk, Patricia and Gathmann, Christina},
	year = {2013},
	pages = {1178--1203}
}

@article{banerjee_history_2005,
	title = {History, institutions, and economic performance: the legacy of colonial land tenure systems in {India}},
	volume = {95},
	shorttitle = {History, institutions, and economic performance},
	url = {http://www.ingentaconnect.com/content/aea/aer/2005/00000095/00000004/art00013},
	number = {4},
	urldate = {2017-03-14},
	journal = {The American economic review},
	author = {Banerjee, Abhijit and Iyer, Lakshmi},
	year = {2005},
	pages = {1190--1213}
}

@article{egger_government_2010,
	title = {Government spending and legislative organization: {Quasi}-experimental evidence from {Germany}},
	volume = {2},
	shorttitle = {Government spending and legislative organization},
	number = {4},
	journal = {American Economic Journal: Applied Economics},
	author = {Egger, Peter and Koethenbuerger, Marko},
	year = {2010},
	pages = {200--212}
}

@article{la_porta_government_2002,
	title = {Government ownership of banks},
	volume = {57},
	url = {http://onlinelibrary.wiley.com/doi/10.1111/1540-6261.00422/full},
	number = {1},
	urldate = {2017-05-02},
	journal = {The Journal of Finance},
	author = {La Porta, Rafael and Lopez-de-Silanes, Florencio and Shleifer, Andrei},
	year = {2002},
	pages = {265--301}
}

@article{di_tella_government_2011,
	title = {Government advertising and media coverage of corruption scandals},
	volume = {3},
	number = {4},
	journal = {American Economic Journal: Applied Economics},
	author = {Di Tella, Rafael and Franceschelli, Ignacio},
	year = {2011},
	pages = {119--151}
}

@article{wooldridge_fixed-effects_2005,
	title = {Fixed-effects and related estimators for correlated random-coefficient and treatment-effect panel data models},
	volume = {87},
	url = {http://www.mitpressjournals.org/doi/abs/10.1162/0034653053970320},
	number = {2},
	urldate = {2017-04-27},
	journal = {Review of Economics and Statistics},
	author = {Wooldridge, Jeffrey M.},
	year = {2005},
	pages = {385--390}
}

@article{alesina_fiscal_1995,
	title = {Fiscal expansions and adjustments in {OECD} countries},
	volume = {10},
	url = {https://academic.oup.com/economicpolicy/article-abstract/10/21/205/2392283},
	number = {21},
	urldate = {2017-07-21},
	journal = {Economic policy},
	author = {Alesina, Alberto and Perotti, Roberto},
	year = {1995},
	pages = {205--248}
}

@article{matsusaka_fiscal_1995,
	title = {Fiscal effects of the voter initiative: {Evidence} from the last 30 years},
	volume = {103},
	shorttitle = {Fiscal effects of the voter initiative},
	url = {http://www.journals.uchicago.edu/doi/abs/10.1086/261996},
	number = {3},
	urldate = {2017-06-10},
	journal = {Journal of political Economy},
	author = {Matsusaka, John G.},
	year = {1995},
	pages = {587--623}
}

@article{duflo_field_2006,
	title = {Field experiments in development economics},
	volume = {42},
	url = {https://pdfs.semanticscholar.org/7bf1/53f4e0c7480572a01ce00e8c494b4732f9ec.pdf},
	urldate = {2017-04-27},
	journal = {Econometric Society Monographs},
	author = {Duflo, Esther},
	year = {2006},
	pages = {322}
}

@article{washington_female_2008,
	title = {Female socialization: how daughters affect their legislator fathers' voting on women's issues},
	volume = {98},
	shorttitle = {Female socialization},
	number = {1},
	journal = {The American economic review},
	author = {Washington, Ebonya L.},
	year = {2008},
	pages = {311--332}
}

@article{krueger_experimental_1999,
	title = {Experimental estimates of education production functions},
	volume = {114},
	url = {http://qje.oxfordjournals.org/content/114/2/497.short},
	number = {2},
	urldate = {2017-04-27},
	journal = {The quarterly journal of economics},
	author = {Krueger, Alan B.},
	year = {1999},
	pages = {497--532}
}

@article{ponczek_evaluating_2008,
	title = {Evaluating the wage differential between public and private sectors in {Brazil}},
	journal = {XXX ENCONTRO BRASILEIRO DE ECONOMETRIA (EBE)},
	author = {PONCZEK, VP and BO℡HO, FB and DAULINS, E.},
	year = {2008}
}

@article{emilio_evaluating_2012,
	title = {Evaluating the wage differential between public and private sectors in {Brazil}},
	volume = {32},
	url = {http://www.scielo.br/scielo.php?pid=S0101-31572012000100005&script=sci_arttext},
	number = {1},
	urldate = {2016-11-13},
	journal = {Revista de Economia Política},
	author = {Emilio, Daulins and Ponczek, Vladimir and Botelho, Fernando},
	year = {2012},
	pages = {72--86}
}

@article{lalonde_evaluating_1986,
	title = {Evaluating the econometric evaluations of training programs with experimental data},
	url = {http://www.jstor.org/stable/1806062},
	urldate = {2017-04-27},
	journal = {The American economic review},
	author = {LaLonde, Robert J.},
	year = {1986},
	pages = {604--620}
}

@article{miguel_ethnic_2005,
	title = {Ethnic diversity, social sanctions, and public goods in {Kenya}},
	volume = {89},
	url = {http://www.sciencedirect.com/science/article/pii/S0047272704001562},
	number = {11},
	urldate = {2017-03-22},
	journal = {Journal of public Economics},
	author = {Miguel, Edward and Gugerty, Mary Kay},
	year = {2005},
	pages = {2325--2368}
}

@article{crepon_estimating_2015,
	title = {Estimating the impact of microcredit on those who take it up: {Evidence} from a randomized experiment in {Morocco}},
	volume = {7},
	shorttitle = {Estimating the impact of microcredit on those who take it up},
	url = {http://www.ingentaconnect.com/content/aea/aejae/2015/00000007/00000001/art00005},
	number = {1},
	urldate = {2017-04-24},
	journal = {American Economic Journal: Applied Economics},
	author = {Crépon, Bruno and Devoto, Florencia and Duflo, Esther and Parienté, William},
	year = {2015},
	pages = {123--150}
}

@article{ashenfelter_estimating_1978,
	title = {Estimating the effect of training programs on earnings},
	url = {http://www.jstor.org/stable/1924332},
	urldate = {2017-04-27},
	journal = {The Review of Economics and Statistics},
	author = {Ashenfelter, Orley},
	year = {1978},
	pages = {47--57}
}

@article{rubin_estimating_1974,
	title = {Estimating causal effects of treatments in randomized and nonrandomized studies.},
	volume = {66},
	url = {http://psycnet.apa.org/journals/edu/66/5/688/},
	number = {5},
	urldate = {2017-04-27},
	journal = {Journal of educational Psychology},
	author = {Rubin, Donald B.},
	year = {1974},
	pages = {688}
}

@book{nichter_entendendo_2002,
	title = {Entendendo as microfinanças no contexto brasileiro},
	url = {http://www.bndes.gov.br/SiteBNDES/bndes/bndes_pt/Galerias/Convivencia/Publicacoes/Consulta_Expressa/Setor/Microfinancas/200209_4.html},
	urldate = {2017-04-20},
	publisher = {BNDES Microfinanças},
	author = {Nichter, Simeon and Goldmark, Lara and Fiori, Anita},
	year = {2002}
}

@article{cook_empirical_2008,
	title = {Empirical tests of the validity of the regression discontinuity design},
	url = {http://www.jstor.org/stable/27917242},
	urldate = {2017-04-27},
	journal = {Annales d'Economie et de Statistique},
	author = {Cook, Thomas D. and Wong, Vivian C.},
	year = {2008},
	pages = {127--150}
}

@article{rudd_empirical_2000,
	title = {Empirical evidence on human capital spillovers},
	url = {https://papers.ssrn.com/sol3/papers.cfm?abstract_id=249292},
	urldate = {2017-03-22},
	author = {Rudd, Jeremy B.},
	year = {2000}
}

@article{gagliarducci_electoral_2008,
	title = {Electoral rules and politicians' behavior: a micro test},
	shorttitle = {Electoral rules and politicians' behavior},
	url = {https://papers.ssrn.com/sol3/papers.cfm?abstract_id=1135924},
	urldate = {2017-06-06},
	author = {Gagliarducci, Stefano and Nannicini, Tommaso and Naticchioni, Paolo},
	year = {2008}
}

@article{ferraz_electoral_2011,
	title = {Electoral accountability and corruption: {Evidence} from the audits of local governments},
	volume = {101},
	shorttitle = {Electoral accountability and corruption},
	number = {4},
	journal = {The American Economic Review},
	author = {Ferraz, Claudio and Finan, Frederico},
	year = {2011},
	pages = {1274--1311}
}

@phdthesis{righetti_efeitos_2008,
	title = {Efeitos do microcrédito na geração de renda em microempreendimentos: avaliação de impacto do programa {Real} {Microcrédito}},
	shorttitle = {Efeitos do microcrédito na geração de renda em microempreendimentos},
	url = {http://bibliotecadigital.fgv.br/dspace/handle/10438/2576},
	urldate = {2017-04-24},
	author = {Righetti, Carlos Cesar Buosi},
	year = {2008}
}

@article{mattos_efeitos_2013,
	title = {Efeitos da divisão municipal na oferta de bens públicos e indicadores sociais},
	volume = {67},
	url = {http://www.scielo.br/scielo.php?pid=S0034-71402013000300004&script=sci_arttext},
	number = {3},
	urldate = {2017-07-02},
	journal = {Revista Brasileira de Economia},
	author = {Mattos, Enlinson and Ponczek, Vladimir},
	year = {2013},
	pages = {315--336}
}

@article{wantchekon_education_2015,
	title = {Education and human capital externalities: evidence from colonial {Benin}},
	volume = {130},
	shorttitle = {Education and human capital externalities},
	url = {http://qje.oxfordjournals.org/content/130/2/703.short},
	number = {2},
	urldate = {2017-04-10},
	journal = {The Quarterly Journal of Economics},
	author = {Wantchekon, Leonard and Klašnja, Marko and Novta, Natalija},
	year = {2015},
	pages = {703--757}
}

@article{marwell_economists_1981,
	title = {Economists free ride, does anyone else?: {Experiments} on the provision of public goods, {IV}},
	volume = {15},
	shorttitle = {Economists free ride, does anyone else?},
	url = {http://www.sciencedirect.com/science/article/pii/004727278190013X},
	number = {3},
	urldate = {2017-03-15},
	journal = {Journal of public economics},
	author = {Marwell, Gerald and Ames, Ruth E.},
	year = {1981},
	pages = {295--310}
}

@book{biderman_economia_2004,
	title = {Economia do setor público no {Brasil}},
	publisher = {Elsevier},
	author = {Biderman, Ciro and Arvate, Paulo Roberto},
	year = {2004}
}

@article{heckman_econometric_2008,
	title = {Econometric causality},
	volume = {76},
	url = {http://onlinelibrary.wiley.com/doi/10.1111/j.1751-5823.2007.00024.x/full},
	number = {1},
	urldate = {2017-04-27},
	journal = {International statistical review},
	author = {Heckman, James J.},
	year = {2008},
	pages = {1--27}
}

@book{wooldridge_econometric_2010,
	title = {Econometric analysis of cross section and panel data},
	publisher = {MIT press},
	author = {Wooldridge, Jeffrey M.},
	year = {2010}
}

@article{gunderson_earnings_1979,
	title = {Earnings differentials between the public and private sectors},
	url = {http://www.jstor.org/stable/134598},
	urldate = {2016-11-13},
	journal = {Canadian Journal of Economics},
	author = {Gunderson, Morley},
	year = {1979},
	pages = {228--242}
}

@article{titiunik_drawing_2016,
	title = {Drawing your senator from a jar: {Term} length and legislative behavior},
	volume = {4},
	shorttitle = {Drawing your senator from a jar},
	url = {http://trafficlight.bitdefender.com/info?url=http%3A//journals.cambridge.org/abstract_S2049847015000205&language=en_US},
	number = {02},
	urldate = {2017-05-25},
	journal = {Political Science Research and Methods},
	author = {Titiunik, Rocio},
	year = {2016},
	pages = {293--316}
}

@article{lee_voters_2004,
	title = {Do voters affect or elect policies? {Evidence} from the {US} {House}},
	volume = {119},
	shorttitle = {Do voters affect or elect policies?},
	url = {http://trafficlight.bitdefender.com/info?url=http%3A//qje.oxfordjournals.org/content/119/3/807.short&language=en_US},
	number = {3},
	urldate = {2017-05-12},
	journal = {The Quarterly Journal of Economics},
	author = {Lee, David S. and Moretti, Enrico and Butler, Matthew J.},
	year = {2004},
	pages = {807--859}
}

@article{watson_small_1996,
	title = {Do small businesses have high failure rates?},
	volume = {34},
	url = {http://search.proquest.com/openview/9681db709486cfdc756ed42be082d7e6/1?pq-origsite=gscholar&cbl=49244},
	number = {4},
	urldate = {2017-08-16},
	journal = {Journal of small business management},
	author = {Watson, John and Everett, Jim E.},
	year = {1996},
	pages = {45}
}

@misc{brasil_lei_1968,
	title = {{LEI} {Nº} 5.534, {DE} 14 {DE} {NOVEMBRO} {DE} 1968},
	url = {http://www.planalto.gov.br/ccivil_03/leis/L5534.htm},
	urldate = {2017-06-05},
	author = {{Brasil}},
	year = {1968}
}

@techreport{claudio_hamilton_matos_dos_santos_crescimento_2017,
	title = {Crescimento dos gastos com pessoal ativo e inativo dos estados brasileiros entre 2006-2016},
	url = {http://www.ipea.gov.br/portal/images/stories/PDFs/conjuntura/171103_cc_37_nt_gastos_com_pessoal_estados.pdf},
	number = {Número 37, 4º trimestre},
	urldate = {2018-03-01},
	institution = {IPEA},
	author = {{Cláudio Hamilton Matos dos Santos} and {Mônica Mora Y Araújo de Couto e Silva Pessoa} and {Marco Aurélio Alves de Mendonça} and {André José Silva de Brito} and {Felipe dos Santos Martins} and {João Henrique Batista de Sá} and {Leo Veríssimo Fernandes} and {Luciana Pacheco Trindade Lacerda} and {Vinícius Augusto Lima de Almeida}},
	year = {2017}
}

@article{israel_oliveira_de_andrade_o_2015,
	title = {O sigilo em bases de dados sob a tutela da administração pública: {O} caso {Ipea}},
	volume = {2100},
	url = {https://www.econstor.eu/bitstream/10419/121730/1/828818061.pdf},
	urldate = {2017-06-05},
	journal = {Texto para Discussão},
	author = {{Israel Oliveira de Andrade} and {Paulo A. Meyer M.  Nascimento}},
	month = jun,
	year = {2015}
}

@misc{distrito_federal_decreto_2017,
	title = {Decreto nº38.141, de 20 de abril de 2017},
	url = {http://intranet.codeplan.df.gov.br/images/CODEPLAN/LEGISLA%C3%87%C3%83O/DECRETO_SIEDF.pdf},
	urldate = {2017-06-05},
	journal = {DODF},
	author = {{Distrito Federal}},
	month = apr,
	year = {2017}
}

@article{larissa_maria_nocko_metodo_2017,
	title = {Método das {Peneiras} {Sucessivas} na {Extração} de {Dados} da {Nota} {Fiscal} {Eletrônica} no {Distrito} {Federal}},
	journal = {Nota Técnica},
	author = {{Larissa Maria Nocko} and {Luiz Rubens Câmara de Araújo} and {Evandro Manzano dos Santos} and {Gunther Siqueira Lemos Gomes}},
	month = may,
	year = {2017}
}

@misc{ibge_guia_2015,
	title = {Guia do {Usuário} da {Sala} de {Acesso} a {Dados} {Restritos} ({SAR})},
	author = {{IBGE}},
	month = feb,
	year = {2015},
	note = {Rio de Janeiro}
}

@article{fernando_salgueiro_perobelli_interdependencia_2006,
	title = {Interdependência entre os {Estados} {Brasileiros}: {Uma} {Análise} de {Insumo}-{Produto}},
	url = {http://www.anpec.org.br/revista/vol7/vol7n4p123_142.pdf},
	urldate = {2017-05-24},
	author = {{Fernando Salgueiro Perobelli} and {Eduardo Amaral Haddad} and {Edson Paulo Domingues}},
	month = dec,
	year = {2006}
}

@article{joaquim_j._m._guilhoto_guilhoto_2005_2005,
	title = {Guilhoto\_2005},
	url = {https://guilhotojjmg.files.wordpress.com/2011/05/metodologia-guilhoto-sesso-ea-20051.pdf},
	urldate = {2017-05-24},
	journal = {Estimação da Matriz Insumo-Produto a Partir de Dados Preliminares das Contas Nacionais},
	author = {Joaquim J. M. Guilhoto, Umberto A. Sesso Filho},
	year = {2005},
	note = {Economia Aplicada},
	pages = {277--299}
}

@misc{integracao_ministerio_2007,
	title = {Ministério da {Integração}},
	url = {http://www.sudeco.gov.br/documents/20182/25746/web_pdco_full.pdf/947ff447-ad43-4e5f-a5e7-4cf28d8f5ad2},
	urldate = {2017-05-19},
	author = {{Integracao}},
	year = {2007}
}

@misc{governo_federal_portal_2017,
	title = {Portal da {Transparência} - {SERVIDORES} {CIVIS} {E} {MILITARES} {DO} {PODER} {EXECUTIVO} {FEDERAL} - {POR} Ó{RGÃO} {DE} {LOTAÇÃO} {DO} {SERVIDOR}},
	url = {http://www.portaldatransparencia.gov.br/servidores/OrgaoLotacao-ListaOrgaos.asp?CodOS=40112},
	abstract = {Número de servidores Superintendência de Desenvolvimento do Centro Oeste},
	urldate = {2017-04-24},
	journal = {Portal da Transparência},
	author = {{Governo Federal}},
	year = {2017}
}

@techreport{distrito_federal_diario_2017,
	title = {Diário {Oficial} do {Distrito} {Federal}},
	url = {http://www.buriti.df.gov.br/ftp/diariooficial/2017/01_Janeiro/DODF%20015%2020-01-2017/DODF%20015%2020-01-2017%20INTEGRA.pdf},
	number = {ed nº15},
	author = {{Distrito Federal}},
	month = jan,
	year = {2017}
}

@misc{codeplan-df_companhia_2017,
	title = {Companhia de {Planejamento} do {Distrito} {Federal}},
	url = {http://www.codeplan.df.gov.br/a-companhia/a-secretaria.html},
	urldate = {2017-04-24},
	author = {{Codeplan-DF}},
	year = {2017}
}

@misc{brasil_lei_2017,
	title = {{LEI} {Nº} 3.196, {DE} 29 {DE} {SETEMBRO} {DE} 2003},
	shorttitle = {{LEI} {Nº} 3.196 03},
	url = {http://www.fazenda.df.gov.br/aplicacoes/legislacao/legislacao/TelaSaidaDocumento.cfm?txtNumero=3196&txtAno=2003&txtTipo=5&txtParte=.},
	urldate = {2017-04-19},
	author = {{Brasil}},
	month = apr,
	year = {2017}
}

@misc{brasil_lei_2017-1,
	title = {{LEI} {COMPLEMENTAR} {Nº} 94, {DE} 19 {DE} {FEVEREIRO} {DE} 1998},
	shorttitle = {{LEI} {COMPLEMENTAR} {Nº} 94 98},
	url = {http://www.planalto.gov.br/ccivil_03/leis/lcp/lcp94.htm},
	urldate = {2017-04-19},
	author = {{Brasil}},
	month = apr,
	year = {2017}
}

@misc{brasil_lei_2017-2,
	title = {{LEI} {Nº} 1.314, {DE} 19 {DE} {DEZEMBRO} {DE} 1996},
	shorttitle = {{LEI} {Nº} 1.314 96},
	url = {http://www.tc.df.gov.br/SINJ/Arquivo.ashx?id_norma_consolidado=49268},
	urldate = {2017-04-19},
	author = {{Brasil}},
	month = apr,
	year = {2017}
}

@misc{brasil_lei_2017-3,
	title = {{LEI} {Nº} 2.499, {DE} 7 {DE} {DEZEMBRO} {DE} 1999},
	shorttitle = {{LEI} {Nº} 2.499},
	url = {http://www.fazenda.df.gov.br/aplicacoes/legislacao/legislacao/TelaSaidaDocumento.cfm?txtNumero=2499&txtAno=1999&txtTipo=5&txtParte=.},
	urldate = {2017-04-19},
	author = {{Brasil}},
	month = apr,
	year = {2017}
}

@misc{brasil_decreto-lei_1966,
	title = {{DECRETO}-{LEI} {Nº} 82, {DE} 26 {DE} {DEZEMBRO} {DE} 1966.},
	url = {http://www.planalto.gov.br/ccivil_03/decreto-lei/1965-1988/Del0082.htm},
	urldate = {2017-04-18},
	author = {{Brasil}},
	month = dec,
	year = {1966}
}

@misc{brasil_lei_1964,
	title = {{LEI} {No} 4.545, {DE} 10 {DE} {DEZEMBRO} {DE} 1964.},
	shorttitle = {{LEI} {No} 4.545},
	url = {http://www.planalto.gov.br/ccivil_03/leis/L4545.htm},
	urldate = {2017-04-18},
	author = {{Brasil}},
	month = dec,
	year = {1964}
}

@misc{brasil_lei_2017-4,
	title = {{LEI} {Nº} 2.427, {DE} 14 {DE} {JULHO} {DE} 1999},
	shorttitle = {{LEI} {Nº} 2.427 99},
	url = {http://www.fazenda.df.gov.br/aplicacoes/legislacao/legislacao/TelaSaidaDocumento.cfm?txtAno=1999&txtNumero=2427&txtParte=.&txtTipo=5},
	urldate = {2017-04-19},
	author = {{Brasil}},
	month = apr,
	year = {2017}
}

@misc{brasil_lei_1992,
	title = {{LEI} {Nº} 06, {DE} 29 {DE} {DEZEMBRO} {DE} 1988},
	shorttitle = {{LEI} {Nº} 06 88},
	url = {http://www.fazenda.df.gov.br/aplicacoes/legislacao/legislacao/TelaSaidaDocumento.cfm?txtNumero=6&txtAno=1988&txtTipo=5&txtParte=.},
	urldate = {2017-04-18},
	author = {{Brasil}},
	month = jul,
	year = {1992}
}

@misc{brasil_lei_2017-5,
	title = {{LEI} {Nº} 5.017, {DE} 18 {DE} {JANEIRO} {DE} 2013},
	shorttitle = {{LEI} {Nº} 5.017 13},
	url = {http://www.fazenda.df.gov.br/aplicacoes/legislacao/legislacao/TelaSaidaDocumento.cfm?txtNumero=5017&txtAno=2013&txtTipo=5&txtParte=.},
	urldate = {2017-04-19},
	author = {{Brasil}},
	month = apr,
	year = {2017}
}

@misc{brasil_lei_2017-6,
	title = {{LEI} {Nº} 5.365, {DE} 1º {DE} {DEZEMBRO} {DE} 1967.},
	url = {http://www.planalto.gov.br/ccivil_03/leis/1950-1969/L5365.htm},
	urldate = {2017-04-18},
	author = {{Brasil}},
	month = apr,
	year = {2017}
}

@misc{brb_banco_2017,
	title = {Banco de {Brasília} - {Missão}, {Visão} e {Histórico}},
	url = {https://portal.brb.com.br/para-voce/sobre-o-brb/missao-visao-e-historico},
	urldate = {2017-04-24},
	author = {{BRB}},
	year = {2017}
}

@misc{brasil_lei_2017-7,
	title = {{LEI} {Nº} 289, {DE} 03 {DE} {JULHO} {DE} 1992},
	shorttitle = {{LEI} {Nº} 289 92},
	url = {http://www.fazenda.df.gov.br/aplicacoes/legislacao/legislacao/TelaSaidaDocumento.cfm?txtNumero=289&txtAno=1992&txtTipo=5&txtParte=.},
	urldate = {2017-04-19},
	author = {{Brasil}},
	month = apr,
	year = {2017}
}

@article{perobelli_interacoes_2007,
	title = {Interações energéticas entre o {Estado} de {Minas} {Gerais} e o restante do {Brasil}: uma análise inter-regional de insumo-produto},
	volume = {11},
	issn = {1413-8050},
	shorttitle = {Interações energéticas entre o {Estado} de {Minas} {Gerais} e o restante do {Brasil}},
	url = {http://www.scielo.br/scielo.php?script=sci_abstract&pid=S1413-80502007000100006&lng=en&nrm=iso&tlng=es},
	doi = {10.1590/S1413-80502007000100006},
	number = {1},
	urldate = {2017-04-11},
	journal = {Economia Aplicada},
	author = {Perobelli, Fernando Salgueiro and Mattos, Rogério Silva de and Faria, Weslem Rodrigues},
	month = mar,
	year = {2007},
	pages = {113--130}
}

@article{costa_impacto_2006,
	title = {Impacto de alterações nas exportações de açúcar e álcool nas regiões {Centro}-{Sul} e {Norte}-{Nordeste} sobre a economia do {Brasil}},
	volume = {44},
	issn = {0103-2003},
	url = {http://www.scielo.br/scielo.php?script=sci_abstract&pid=S0103-20032006000400001&lng=en&nrm=iso&tlng=pt},
	doi = {10.1590/S0103-20032006000400001},
	number = {4},
	urldate = {2017-04-11},
	journal = {Revista de Economia e Sociologia Rural},
	author = {Costa, Cinthia Cabral da and Burnquist, Heloisa Lee and Guilhoto, Joaquim José Martins},
	year = {2006},
	pages = {609--627}
}

@book{feijo_contabilidade_2001,
	title = {Contabilidade social},
	url = {https://books.google.com.br/books?hl=pt-BR&lr=&id=gvhNU19Q82AC&oi=fnd&pg=PR5&dq=contabilidade+social+feijo&ots=BPtfT4VDJi&sig=8Z_XerfSKH_PMNyLgMg2LdlEl0Y},
	urldate = {2017-04-10},
	publisher = {Elsevier Brasil},
	author = {Feijó, Carmem Aparecida and de Cerqueira Lima, Fernando Carlos G. and Barbosa Filho, Nelson Henrique},
	year = {2001}
}

@misc{ibge_ibge_2008,
	title = {{IBGE} {\textbar} {Biblioteca} {\textbar} {Detalhes} {\textbar} {Matriz} de insumo-produto : {Brasil} : 2000/2005 / {IBGE}, {Coordenação} de {Contas} {Nacionais}. -},
	shorttitle = {{IBGE} {\textbar} {Biblioteca} {\textbar} {Detalhes} {\textbar} {Matriz} de insumo-produto},
	url = {http://biblioteca.ibge.gov.br/biblioteca-catalogo?id=240681&view=detalhes},
	urldate = {2017-04-11},
	journal = {Portal IBGE},
	author = {{IBGE}},
	year = {2008}
}

@misc{onu_handbook_1999,
	title = {Handbook of {Input}-{Output} {Table} {Compilation} and {Analysis}},
	author = {{ONU}},
	year = {1999}
}

@book{miller_input-output_2009,
	title = {Input-output analysis: foundations and extensions},
	shorttitle = {Input-output analysis},
	url = {https://books.google.com.br/books?hl=pt-BR&lr=&id=viHaAgAAQBAJ&oi=fnd&pg=PR24&dq=Miller,+E.+R.%3B+Blair,+D.+P.+Input+output+analysis:+foundations+and+extensions+1985&ots=gpJilvl_d_&sig=96N9_f_C4lXMSg0eZUV-2j_yllc},
	urldate = {2017-04-10},
	publisher = {Cambridge University Press},
	author = {Miller, Ronald E. and Blair, Peter D.},
	year = {2009}
}

@misc{souza_reestruturacao_2017,
	type = {Tese / {Thesis}},
	title = {Reestruturação produtiva, produção de subcentros e desigualdades socioespaciais na {Ride}-{DF}},
	url = {http://repositorio.unb.br/handle/10482/23005},
	abstract = {Nas últimas décadas, a reestruturação produtiva capitalista tem sido responsável pela reorganização dos espaços regionais, por meio da flexibilização na produção industrial e agropecuária, da emergência de novos centros de serviços e da integração econômica e financeira dos centros de gestão e controle do capital. Estas dinâmicas têm levado a modificações nos espaços regionais brasileiros, com o reforço aos centros tradicionais, a emergência de novas centralidades e o surgimento de novos espaços produtivos. Ao mesmo tempo, este processo tem suscitado tendências a uma fragmentação da malha ocupada e contribuído para o acirramento das desigualdades socioeconômicas internas às regiões. Na Região Integrada de Desenvolvimento do Distrito Federal e Entorno- Ride-DF, cuja gênese esteve ligada à transferência da Capital para o Centro-Oeste brasileiro, parecem ocorrer processos semelhantes. Assim, o objetivo desta pesquisa é compreender as modificações recentes na organização espacial da Ride-DF, sob o pano de fundo da reestruturação produtiva. Argumenta-se que essa dinâmica se manifesta historicamente a partir de três processos estruturantes: a expansão metropolitana de Brasília, a expansão da agropecuária moderna e a integração do eixo Brasília-Anápolis-Goiânia. Inicialmente o Estado promoveu a construção de Brasília com foco em seu papel de Nova Capital, sem grande atenção à área circunvizinha. Formou-se, assim, um espaço regional polarizado por um centro principal em construção e composto por municípios tradicionalmente voltados à agropecuária de subsistência. Numa segunda fase, de formação metropolitana e de implantação da agropecuária moderna, o Estado passa a ter uma política definida para a região de Brasília, cujo propósito era preservar o centro principal da pressão demográfica então existente. Como desdobramentos, o espaço regional estruturou-se em torno da metrópole brasiliense e da agropecuária moderna que se estabelecia a leste do Distrito Federal. Tal quadro levou a um processo que combinou a consolidação de Brasília como centro regional com a formação inicial de subcentros em municípios ligados à agropecuária tecnificada. Finalmente, no período mais recente, o Estado passou a atuar por meio de subsídios e inventivos a atividades privadas, relativizando a preocupação anterior em ordenar os processos no território da Capital. Esta nova postura estimulou a atuação tanto do capital imobiliário, na escala urbana e metropolitana, como do agronegócio, na escala regional. Como desdobramento, acentuou-se o papel de Brasília como centro metropolitano e regional, a emergência de subcentros e o acirramento das desigualdades socioespaciais.},
	language = {por},
	urldate = {2017-04-07},
	author = {Souza, Sergio Magno Carvalho de},
	month = mar,
	year = {2017}
}

@article{cabugueira_desenvolvimento_2000,
	title = {Do desenvolvimento regional ao desenvolvimento local. {Análise} de alguns aspectos de política económica regional},
	volume = {9},
	url = {https://repositorio.ucp.pt/handle/10400.14/9090},
	urldate = {2017-04-07},
	journal = {Gestão e desenvolvimento},
	author = {Cabugueira, Artur Carlos Crespo Martins},
	year = {2000},
	pages = {103--136}
}

@article{rodrik_industrial_2004,
	title = {Industrial policy for the twenty-first century},
	url = {https://papers.ssrn.com/sol3/papers.cfm?abstract_id=666808},
	urldate = {2017-04-06},
	author = {Rodrik, Dani},
	year = {2004}
}

@article{costa_matriz_2005,
	title = {Matriz de insumo-produto de {Pernambuco} para 1999: metodologia de cálculo e subsídios ao planejamento regional},
	volume = {9},
	shorttitle = {Matriz de insumo-produto de {Pernambuco} para 1999},
	url = {http://www.scielo.br/scielo.php?pid=S1413-80502005000400005&script=sci_arttext},
	number = {4},
	urldate = {2017-04-06},
	journal = {Economia Aplicada},
	author = {Costa, Ecio de Farias and Araújo Júnior, Ignácio Tavares de and Bezerra, Jocildo Fernandes and Melo, Marcelo Virginio},
	year = {2005},
	pages = {595--621}
}

@article{hilgemberg_uso_2006,
	title = {Uso de combustíveis e emissões de {CO2} no {Brasil}: um modelo inter-regional de insumo-produto},
	volume = {16},
	issn = {0103-6351},
	shorttitle = {Uso de combustíveis e emissões de {CO2} no {Brasil}},
	doi = {10.1590/S0103-63512006000100002},
	number = {1},
	urldate = {2017-04-04},
	journal = {Nova Economia},
	author = {Hilgemberg, Emerson Martins and Guilhoto, Joaquim J. M.},
	month = apr,
	year = {2006},
	pages = {49--99}
}

@book{porsse_multiplicadores_2002,
	title = {Multiplicadores de impacto na economia gaúcha: aplicação do modelo de insumo-produto fechado de {Leontief}},
	shorttitle = {Multiplicadores de impacto na economia gaúcha},
	publisher = {Secretaria da Coordenação e Planejamento, Fundação de Economia e Estatística Siegfried Emanuel Heuser},
	author = {Porsse, Alexandre Alves},
	year = {2002}
}

@techreport{cruz_efeitos_2016,
	type = {Discussion {Paper}},
	title = {Efeitos {Encadeados} do {Perfil} {Setorial} dos {Investimentos} e a {Distribuição} {Espacial} da {Indústria}: onde se localizam as indústrias dos setores com maiores impactos?},
	shorttitle = {Efeitos {Encadeados} do {Perfil} {Setorial} dos {Investimentos} e a {Distribuição} {Espacial} da {Indústria}},
	abstract = {A elevação das taxas de investimento no país está entre os principais objetivos de política econômica para garantir o crescimento sustentável nos próximos anos. Uma das preocupações dos pesquisadores regionais é que o perfil da distribuição espacial destes investimentos redimensione e arrefeça o processo de desconcentração industrial observado nas últimas duas décadas. Além disso, importante pilar da política regional seria o de complementação das cadeias produtivas a partir dos investimentos em curso. Este trabalho tenta contribuir com esta discussão, tendo como base a avaliação do perfil dos investimentos previstos pelo Banco Nacional de Desenvolvimento Econômico e Social (BNDES) para o período 2014-2017. Analisam-se os efeitos encadeados dos investimentos previstos utilizando a matriz insumo-produto de 2005. Com o detalhamento setorial dos efeitos encadeados, é possível avaliar a distribuição espacial destas indústrias, com base em dados da Relação Anual de Informações Sociais (RAIS), levantando alguns indícios sobre possíveis impactos regionais destes investimentos. Para analisar a distribuição espacial, utilizam-se diversos indicadores de correlação espacial e indicadores de colocalização, como o proposto por Elisson, Glaeser e Kerr (2010). Em outras palavras, a partir dos efeitos encadeadores e da atual estrutura industrial, avalia-se o padrão de colocalização das indústrias com investimentos previstos e indústrias afetadas tanto a jusante como a montante do processo produtivo. In a recent report, BNDES, a major bank financing investment in Brazil, announced that investment in some selected sector for the period 2014-2017 could reach the impressive US\$ 275 billion. Oil and Gas, vehicle and automobile, pulp and paper, electronics, chemistry, Steel mill are among the sector which would expand activities in the next four years. In a very important paper, Ellison, Glaeser and Kerr (2010) showed that input-output linkages are the most important variable to explain industries co-agglomeration. Those investments perspectives open a new possibility for regional policies, following the results of EGK, one could estimate the backward and forward linkages and possibility to co-agglomerate industries, given the potential investment in the sectors described above. The objective of this paper is to identify the backward and forward linkages of the investment matrix for the period 2014 and estimate the spatialdistribution of those sectors in backward and forward linkages with the original initial investment. In other words, we apply the co-agglomerations indexes to asses which sector has the highest probability, given an investment in a sector, for instance Oil and Gas and backward/forward linkage, the co-agglomerate. The identification of those sectors can shed some lights on sectors policy makers could successfully support and can improve the performance of the regional policies.},
	number = {2172},
	urldate = {2017-04-03},
	institution = {Instituto de Pesquisa Econômica Aplicada - IPEA},
	author = {Cruz, Bruno de Oliveira and Queiroz, Iuri Vladimir},
	year = {2016}
}

@article{guilhoto_alise_2011,
	title = {Análise de insumo-produto: teoria e fundamentos},
	shorttitle = {Análise de insumo-produto},
	urldate = {2017-03-31},
	author = {Guilhoto, Joaquim José Martins},
	year = {2011}
}

@misc{ifi_relatorio_2017,
	title = {Relatório de {Acompanhamento} {Fiscal} nº2},
	publisher = {Instituição Fiscal Independente},
	author = {{IFI}},
	month = mar,
	year = {2017}
}

@article{reis_vocational_2015,
	title = {Vocational training and labor market outcomes in brazil},
	volume = {15},
	number = {1},
	journal = {The BE Journal of Economic Analysis \& Policy},
	author = {Reis, Mauricio},
	year = {2015},
	pages = {377--405}
}

@article{oliveira_uma_2007,
	title = {Uma avaliação experimental dos impactos da política de qualificação profissional no {Brasil}},
	volume = {61},
	number = {3},
	journal = {Revista Brasileira de Economia},
	author = {Oliveira, Ana Maria Hermeto Camilo de and Rios-Neto, Eduardo Luiz Gonçalves},
	year = {2007},
	pages = {353--378}
}

@article{card_active_2010,
	title = {Active labour market policy evaluations: {A} meta-analysis},
	volume = {120},
	shorttitle = {Active labour market policy evaluations},
	number = {548},
	journal = {The economic journal},
	author = {Card, David and Kluve, Jochen and Weber, Andrea},
	year = {2010}
}

@article{vasconcellos_avaliacao_2010,
	title = {Avaliação {Econômica} do {Ensino} {Médio} {Profissional}},
	journal = {Fundação Itaú Social, Brasilia},
	author = {Vasconcellos, Lígia and Lima, Fernanda Costa and Menezes-Filho, N.},
	year = {2010}
}

@article{barros_educacao_2011,
	title = {Educação técnica e distribuição de renda no {Espírito} {Santo}},
	number = {1},
	journal = {Revista Brasileira de Monitoramento e Avaliação},
	author = {Barros, Ricardo and Franco, Samuel and Grosner, Diana and Mendonça, Rosane and Rosalém, Andrezza},
	year = {2011},
	pages = {104--135}
}

@book{greene_econometric_2003,
	title = {Econometric analysis},
	publisher = {Pearson Education India},
	author = {Greene, William H.},
	year = {2003}
}

@phdthesis{aguas_ensaios_2014,
	title = {Ensaios sobre a educação profissional e os rendimentos do trabalho: uma análise para o {Brasil}},
	shorttitle = {Ensaios sobre a educação profissional e os rendimentos do trabalho},
	author = {Aguas, Marina Ferreira Fortes},
	year = {2014}
}

@article{psacharopoulos_returns_1994,
	title = {Returns to investment in education: {A} global update},
	volume = {22},
	shorttitle = {Returns to investment in education},
	number = {9},
	journal = {World development},
	author = {Psacharopoulos, George},
	year = {1994},
	pages = {1325--1343}
}

@book{grubb_working_1996,
	title = {Working in the {Middle}: {Strengthening} {Education} and {Training} for the {Mid}-{Skilled} {Labor} {Force}.},
	shorttitle = {Working in the {Middle}},
	publisher = {ERIC},
	author = {Grubb, W. Norton},
	year = {1996}
}

@article{bishop_impacts_2004,
	title = {The impacts of career-technical education on high school labor market success},
	volume = {23},
	number = {4},
	journal = {Economics of education Review},
	author = {Bishop, John H. and Mane, Ferran},
	year = {2004},
	pages = {381--402}
}

@article{frigotto_concepcoes_2005,
	title = {Concepções e mudanças no mundo do trabalho e o ensino médio},
	journal = {Ensino médio integrado: concepção e contradições. São Paulo: Cortez},
	author = {Frigotto, Gaudêncio},
	year = {2005},
	pages = {57--82}
}

@techreport{cassiolato_pronatec:_2014,
	title = {Pronatec: múltiplos arranjos e ações para ampliar o acesso à educação profissional},
	shorttitle = {Pronatec},
	institution = {Texto para Discussão, Instituto de Pesquisa Econômica Aplicada (IPEA)},
	author = {Cassiolato, Maria Martha and Garcia, Ronaldo Coutinho},
	year = {2014}
}

@article{maciente_as_2013,
	title = {As ocupações de nível técnico com maiores ganhos salariais entre 2009 e 2012},
	author = {Maciente, Aguinaldo Nogueira and Nascimento, Paulo A. Meyer M. and Assis, Lucas Rocha Soares de},
	year = {2013}
}

@article{nascimento_as_2013,
	title = {As ocupações de nível técnico que mais geraram empregos entre 2009 e 2012},
	author = {Nascimento, Paulo A. Meyer M. and Maciente, Aguinaldo Nogueira and Assis, Lucas Rocha Soares de},
	year = {2013}
}

@article{angrist_long-term_2006,
	title = {Long-term educational consequences of secondary school vouchers: {Evidence} from administrative records in {Colombia}},
	volume = {96},
	shorttitle = {Long-term educational consequences of secondary school vouchers},
	number = {3},
	journal = {American economic review},
	author = {Angrist, Joshua and Bettinger, Eric and Kremer, Michael},
	year = {2006},
	pages = {847--862}
}

@article{sapelli_performance_2002,
	title = {The performance of private and public schools in the {Chilean} voucher system},
	volume = {39},
	number = {118},
	journal = {cuadernos de economía},
	author = {Sapelli, Claudio and Vial, Bernardita},
	year = {2002},
	pages = {423--454}
}

@incollection{jolliffe_principal_1986,
	title = {Principal component analysis and factor analysis},
	booktitle = {Principal component analysis},
	publisher = {Springer},
	author = {Jolliffe, Ian T.},
	year = {1986},
	pages = {115--128}
}

@article{mueller_mis-_2007,
	title = {({Mis}-) {Understanding} {Education} {Externalities}},
	author = {Mueller, Normann},
	year = {2007}
}

@article{de_almeida_eficiencia_2013,
	title = {Eficiência técnica da gestão em educação básica da rede federal de ensino no {Brasil}},
	author = {de Almeida, Alessio Tony Cavalcanti and de Almeida Filho, Alvaro C. A},
	year = {2013}
}

@article{rosa_determinantes_2016,
	title = {Determinantes da eficiência técnica das escolas públicas brasileiras: a importância do contexto familiar na qualidade educacional},
	journal = {44º Encontro Nacional de Economia},
	author = {Rosa, Thiago Mendes and Gonçalves, Flávio de Oliveira and Santos, Tamara Vaz de Moraes},
	year = {2016}
}

@article{kirjavainen_efficiency_2012,
	title = {Efficiency of {Finnish} general upper secondary schools: {An} application of stochastic frontier analysis with panel data},
	volume = {20},
	shorttitle = {Efficiency of {Finnish} general upper secondary schools},
	number = {4},
	journal = {Education Economics},
	author = {Kirjavainen, Tanja},
	year = {2012},
	pages = {343--364}
}

@article{pereira_stochastic_2007,
	title = {A stochastic frontier analysis of secondary education output in {Portugal}},
	author = {Pereira, Manuel Coutinho and Moreira, Sara},
	year = {2007}
}

@phdthesis{trigo_avaliacao_2010,
	type = {{PhD} {Thesis}},
	title = {Avaliação da eficiência técnica do ensino básico brasileiro},
	school = {Universidade de São Paulo},
	author = {Trigo, Priscila Pacheco},
	year = {2010}
}

@article{oliveira_avaliacao_2017,
	title = {Avaliação de eficiência das escolas públicas de ensino médio em {Goiás}: uma análise de dois estágios},
	volume = {21},
	shorttitle = {Avaliação de eficiência das escolas públicas de ensino médio em {Goiás}},
	number = {2},
	journal = {Economia Aplicada},
	author = {Oliveira, Guilherme Resende and Lima, Alex Felipe Rodrigues and Júnior, Sérgio Borges Fonseca and Rosa, Thiago Mendes},
	year = {2017},
	pages = {163}
}

@book{kumbhakar_stochastic_2003,
	title = {Stochastic frontier analysis},
	publisher = {Cambridge university press},
	author = {Kumbhakar, Subal C. and Lovell, CA Knox},
	year = {2003}
}

@article{meeusen_efficiency_1977,
	title = {Efficiency estimation from {Cobb}-{Douglas} production functions with composed error},
	journal = {International economic review},
	author = {Meeusen, Wim and van Den Broeck, Julien},
	year = {1977},
	pages = {435--444}
}

@article{aigner_formulation_1977,
	title = {Formulation and estimation of stochastic frontier production function models},
	volume = {6},
	number = {1},
	journal = {Journal of econometrics},
	author = {Aigner, Dennis and Lovell, CA Knox and Schmidt, Peter},
	year = {1977},
	pages = {21--37}
}

@article{benegas_o_2012,
	title = {O {Uso} do {Modelo} {NetWork} {DEA} para {Avaliação} da {Eficiência} {Técnica} do {Gasto} {Público} em {Ensino} {Básico} no {Brasil}},
	volume = {13},
	number = {3a},
	journal = {Economia},
	author = {Benegas, Mauricio},
	year = {2012},
	pages = {569--601}
}

@article{faria_eficiencia_2008,
	title = {Eficiência dos gastos municipais em saúde e educação: uma investigação através da análise envoltória no estado do {Rio} de {Janeiro}},
	volume = {42},
	shorttitle = {Eficiência dos gastos municipais em saúde e educação},
	number = {1},
	journal = {Revista de Administração Pública-RAP},
	author = {Faria, Flavia Peixoto and Jannuzzi, Paulo de Martino and Silva, Silvano José da},
	year = {2008}
}

@article{carvalho_eficiencia_2014,
	title = {Eficiência das escolas públicas urbanas das regiões nordeste e sudeste do {Brasil}: uma abordagem em três estágios},
	volume = {44},
	shorttitle = {Eficiência das escolas públicas urbanas das regiões nordeste e sudeste do {Brasil}},
	number = {4},
	journal = {Estudos Econômicos (São Paulo)},
	author = {Carvalho, Luciana Duarte Bhering de and Sousa, Maria da Conceição Sampaio de},
	year = {2014},
	pages = {649--684}
}

@article{moreira_comparando_2005,
	title = {Comparando medidas de produtividade: {DEA}, fronteira de produção estocástica},
	shorttitle = {Comparando medidas de produtividade},
	author = {Moreira, Ajax RB and Fonseca, Thais CR},
	year = {2005}
}

@article{diniz_as_2007,
	title = {As pesquisas de orçamentos familiares no {Brasil}},
	volume = {2},
	url = {https://ipea.gov.br/agencia/images/stories/PDFs/livros/06_Cap1.pdf},
	urldate = {2017-09-22},
	journal = {Gasto e consumo das famílias brasileiras contemporâneas},
	author = {Diniz, Bernardo P. Campolina and Silveira, Fernando Gaiger and Bertasso, Beatriz Freire and Magalhes, L. C. F. and Servo, Luciana Mendes Santos and Silveira, Fernando Gaiger and Servo, L. M. S. and Almeida, T. and Piola, Sérgio Francisco},
	year = {2007}
}

@inproceedings{dos_santos_alise_2015,
	title = {Análise {Envoltória} de {Dados} como ferramenta de avaliação da eficiência dos gastos públicos com educação dos municípios de {Santa} {Catarina}.},
	booktitle = {Anais do {Congresso} {Brasileiro} de {Custos}-{ABC}},
	author = {dos Santos, Rodolfo Rocha and de Freitas, Marcelo Machado and Flach, Leonardo},
	year = {2015}
}

@article{worthington_empirical_2001,
	title = {An empirical survey of frontier efficiency measurement techniques in education},
	volume = {9},
	number = {3},
	journal = {Education economics},
	author = {Worthington, Andrew C.},
	year = {2001},
	pages = {245--268}
}

@article{farrell_measurement_1957,
	title = {The measurement of productive efficiency},
	volume = {120},
	number = {3},
	journal = {Journal of the Royal Statistical Society. Series A (General)},
	author = {Farrell, Michael James},
	year = {1957},
	pages = {253--290}
}

@article{ciccone_identifying_2006,
	title = {Identifying human-capital externalities: {Theory} with applications},
	volume = {73},
	shorttitle = {Identifying human-capital externalities},
	number = {2},
	journal = {The Review of Economic Studies},
	author = {Ciccone, Antonio and Peri, Giovanni},
	year = {2006},
	pages = {381--412}
}

@article{debreu_coefficient_1951,
	title = {The coefficient of resource utilization},
	journal = {Econometrica: Journal of the Econometric Society},
	author = {Debreu, Gerard},
	year = {1951},
	pages = {273--292}
}

@article{emrouznejad_evaluation_2008,
	title = {Evaluation of research in efficiency and productivity: {A} survey and analysis of the first 30 years of scholarly literature in {DEA}},
	volume = {42},
	shorttitle = {Evaluation of research in efficiency and productivity},
	number = {3},
	journal = {Socio-economic planning sciences},
	author = {Emrouznejad, Ali and Parker, Barnett R. and Tavares, Gabriel},
	year = {2008},
	pages = {151--157}
}

@article{banker_models_1984,
	title = {Some models for estimating technical and scale inefficiencies in data envelopment analysis},
	volume = {30},
	number = {9},
	journal = {Management science},
	author = {Banker, Rajiv D. and Charnes, Abraham and Cooper, William Wager},
	year = {1984},
	pages = {1078--1092}
}

@article{charnes_measuring_1978,
	title = {Measuring the efficiency of decision making units},
	volume = {2},
	number = {6},
	journal = {European journal of operational research},
	author = {Charnes, Abraham and Cooper, William W. and Rhodes, Edwardo},
	year = {1978},
	pages = {429--444}
}

@article{cooper_data_2004,
	title = {Data envelopment analysis},
	journal = {Handbook on data envelopment analysis},
	author = {Cooper, William W. and Seiford, Lawrence M. and Zhu, Joe},
	year = {2004},
	pages = {1--39}
}

@article{delgado_eficiencia_2007,
	title = {Eficiência das escolas públicas estaduais de {Minas} {Gerais}},
	author = {Delgado, Victor Maia Senna and Machado, Ana Flávia},
	year = {2007}
}

@article{da_silva_eficiencia_2012,
	title = {Eficiência no gasto público com educação: uma análise dos municípios do {Rio} {Grande} do {Norte}},
	shorttitle = {Eficiência no gasto público com educação},
	number = {39},
	journal = {Planejamento e Políticas Públicas},
	author = {da Silva, Jorge Luiz Mariano and Almeida, Júlio César Lima},
	year = {2012}
}

@article{savian_alise_2013,
	title = {Análise de eficiência dos gastos públicos com educação no ensino fundamental no estado do {Paraná}},
	volume = {1},
	number = {1},
	journal = {Economia \& Região},
	author = {Savian, Mayá Patricia Gemelli and Bezerra, Fernanda Mendes},
	year = {2013},
	pages = {26--47}
}

@inproceedings{maria_alise_2017,
	title = {Análise comparativa da eficiência dos gastos públicos no {Ensino} {Médio} nos {Estados} brasileiros e {Distrito} {Federal} através da {Análise} {Envoltória} de {Dados} ({DEA})},
	booktitle = {Anais do {Congresso} {Brasileiro} de {Custos}-{ABC}},
	author = {Maria, Charlise Brocco and Besen, Fabíola Graciele and de Araújo, Tércio Vieira and Serafim Jr, Valdir},
	year = {2017}
}

@article{morais_eficiencia_2009,
	title = {Eficiência do gasto público em educação fundamental nas prefeituras mineiras: uma abordagem via análise envoltória de dados},
	shorttitle = {Eficiência do gasto público em educação fundamental nas prefeituras mineiras},
	author = {Morais, Reinaldo Carvalho de},
	year = {2009}
}

@article{begnini_eficiencia_2017,
	title = {A eficiência dos gastos públicos com a educação fundamental no {Brasil}: uma aplicação da análise envoltória de dados ({DEA})},
	volume = {17},
	shorttitle = {A eficiência dos gastos públicos com a educação fundamental no {Brasil}},
	number = {46},
	journal = {Revista Economia \& Gestão},
	author = {Begnini, Sergio and Tosta, Humberto Tonani},
	year = {2017},
	pages = {43--59}
}

@article{rosano-pena_eficiencia_2012,
	title = {A eficiência dos gastos públicos em educação: evidências georreferenciadas nos municípios goianos},
	volume = {16},
	shorttitle = {A eficiência dos gastos públicos em educação},
	number = {3},
	journal = {Economia Aplicada},
	author = {Rosano-Peña, Carlos and Albuquerque, Pedro Henrique Melo and Marcio, Carvalho Jose},
	year = {2012},
	pages = {421--443}
}

@article{goncalves_eficiencia_2013,
	title = {Eficiência na provisão de educação pública municipal: uma análise em três estágios dos municípios brasileiros},
	volume = {43},
	shorttitle = {Eficiência na provisão de educação pública municipal},
	number = {2},
	journal = {Estudos Econômicos (São Paulo)},
	author = {Gonçalves, Flávio de Oliveira and França, Marco Túlio Aniceto},
	year = {2013},
	pages = {271--299}
}

@article{hanushek_education_2008,
	title = {Education and economic growth},
	volume = {8},
	number = {2},
	journal = {Education Next},
	author = {Hanushek, Eric A. and Woessmann, Ludger and Jamison, Eliot A. and Jamison, Dean T.},
	year = {2008}
}

@article{hanushek_role_2007,
	title = {The role of education quality for economic growth},
	author = {Hanushek, Eric A. and Wö{\textbackslash}s smann, Ludger},
	year = {2007}
}

@article{hosmer-jr_applied_1999,
	title = {Applied survival analysis: regression modelling of time to event data (1999)},
	shorttitle = {Applied survival analysis},
	url = {https://academic.oup.com/ejo/article-abstract/21/5/561/451547},
	urldate = {2017-08-25},
	journal = {Eur Orthodontic Soc},
	author = {Hosmer-Jr, David W. and Lemeshow, Stanley},
	year = {1999},
	pages = {561--2}
}

@article{lukic_icms:_2017,
	title = {{ICMS}: {ENTRAVES} {JURÍDICOS} {E} {ECONÔMICOS} {E} {PROPOSTAS} {DE} {MELHORIA}},
	issn = {978-85-7811-295-0},
	shorttitle = {{ICMS}},
	journal = {TRIBUTAÇÃO NO BRASIL:  estudos, ideias e propostas : ICMS, seguridade social, carga tributária, impactos econômicos},
	author = {Lukic, Melina de Souza Rocha},
	year = {2017},
	pages = {31}
}

@article{sachsida_tributacao_2017,
	title = {Tributação no {Brasil}: estudos, ideias e propostas: {ICMS}, seguridade social, carga tributária, impactos econômicos},
	shorttitle = {Tributação no {Brasil}},
	author = {Sachsida, Adolfo},
	year = {2017}
}

@misc{messias_contencioso_2013,
	title = {Contencioso tributário brasileiro é muito superior ao dos {EUA}},
	copyright = {Revista Consultor Jurídico},
	url = {http://www.conjur.com.br/2013-nov-21/lorreine-messias-contencioso-tributario-brasileiro-superior-eua},
	abstract = {Artigo produzido no âmbito das pesquisas desenvolvidas no NEF/Direito GV. As opiniões emitidas são de responsabilidade exclusiva de seus autores. O grau de litigiosidade em matéria tributária no Brasil é expressivamente superior ao observado em outros países. Este foi o principal...},
	urldate = {2017-10-24},
	journal = {Consultor Jurídico},
	author = {Messias, Lorreine},
	month = nov,
	year = {2013}
}

@article{do_amaral_quantidade_2013,
	title = {Quantidade de normas editadas no {Brasil}: 25 anos da {Constituição} {Federal} de 1988},
	shorttitle = {Quantidade de normas editadas no {Brasil}},
	author = {Do Amaral, Gilberto Luiz and Olenike, João Eloi and Do Amaral, Letícia Mary Fernandes and YAZBEK, CRISTIANO LISBOA},
	year = {2013}
}

@techreport{orair_carga_2013,
	title = {Carga tributária brasileira: {Estimação} e análise dos determinantes da evolução recente: 2002-2012},
	shorttitle = {Carga tributária brasileira},
	url = {https://www.econstor.eu/bitstream/10419/91460/1/776477358.pdf},
	urldate = {2017-09-29},
	author = {Orair, Rodrigo Octávio and Gobetti, Sergio Wulf and Moreira Leal, Ésio and de Jesus Silva, Wesley},
	year = {2013}
}

@misc{ibge_pnad:_2015,
	title = {{PNAD}: um registro hisórico da {Pesquisa} {Nacional} por {Amostra} de {Domicílios} 1967-2015},
	url = {https://biblioteca.ibge.gov.br/visualizacao/livros/liv94878.pdf},
	author = {IBGE},
	year = {2015}
}

@article{medice_mensuracao_1988,
	title = {A {Mensuração} da {Subjetividade}: {Notas} sobre a {Variável} {Renda}},
	shorttitle = {A {Mensuração} da {Subjetividade}},
	journal = {PNADS em Foco. Anos 80, org},
	author = {Médice, A. C.},
	year = {1988}
}

@article{camarano_informacoes_2014,
	title = {Informações demográficas: o que se tem, o que se usa e como se usa?},
	volume = {7},
	shorttitle = {Informações demográficas},
	url = {https://rebep.org.br/revista/article/view/539},
	number = {2},
	urldate = {2017-09-20},
	journal = {Revista Brasileira de Estudos de População},
	author = {Camarano, Ana Amélia},
	year = {2014},
	pages = {207--218}
}

@article{sales_identification_2007,
	title = {Identification of monetary policy shocks in the brazilian market for bank reserves},
	volume = {154},
	url = {http://www.academia.edu/download/32794721/wps154.pdf},
	urldate = {2017-08-21},
	journal = {Banco Central do Brasil WPS},
	author = {Sales, Adriana Soares and Tannuri-Pianto, Maria},
	year = {2007}
}

@article{soares_o_2008,
	title = {O papel do {Banco} {Central} do {Brasil} e a importância do cooperativismo de crédito},
	url = {http://www.academia.edu/download/37987234/livro_microfinanas_internet.pdf},
	urldate = {2017-04-24},
	journal = {Brasília: BCB},
	author = {Soares, Marden Marques and Sobrinho, Melo},
	year = {2008}
}

@incollection{cox_regression_1992,
	title = {Regression models and life-tables},
	url = {https://link.springer.com/chapter/10.1007/978-1-4612-4380-9_37},
	urldate = {2017-08-25},
	publisher = {Springer},
	author = {Cox, David R.},
	year = {1992},
	pages = {527--541}
}

@article{mizumoto_sobrevivencia_2010,
	title = {A sobrevivência de empresas nascentes no estado de {São} {Paulo}: um estudo sobre capital humano, capital social e práticas gerenciais},
	volume = {45},
	issn = {0080-2107},
	shorttitle = {A sobrevivência de empresas nascentes no estado de {São} {Paulo}},
	url = {https://www.researchgate.net/profile/Marcos_Hashimoto/publication/310951523_The_survival_of_new_companies_in_Sao_Paulo_state_a_study_about_human_capital_social_capital_and_management_practices/links/583b0f0f08ae3d9172412a05.pdf},
	number = {4},
	urldate = {2017-08-25},
	author = {Mizumoto, Fábio Matuoka and Artes, Rinaldo and Lazzarini, Sérgio Giovanetti and Hashimoto, Marcos and Bedê, Marco Aurélio},
	year = {2010},
	pages = {p.343--355}
}

@misc{mte_informacoes_2015,
	title = {Informações {Gerenciais} do {Programa} {Nacional} de {Microcrédito} {Produtivo} {Orientado}},
	author = {MTE},
	year = {2015}
}

@article{conceicao_o_2016,
	title = {O {Simples} {Nacional} e as empresas industriais: uma análise de sobrevivência a partir dos microdados da {RAIS}},
	url = {https://static-cms-si.s3.amazonaws.com/media/filer_public/3c/8d/3c8d1f4d-2105-4a47-997c-7d3cd062b886/o_simples_nacional_e_as_empresas_industriais_uma_analise_de_sobrevivencia_a_partir_dos_microdados_da_rais.pdf},
	author = {CONCEIÇÃO, OTAVIO CANOZZI and SARAIVA, MAURÍCIO VITORINO and FOCHEZATTO, ADELAR and FRANÇA, MARCO TÚLIO ANICETO},
	year = {2016},
	pages = {32}
}

@techreport{bede_sobrevivencia_2016,
	address = {Brasília},
	title = {Sobrevivência das empresas no {Brasil}},
	institution = {Sebrae},
	author = {Bedê, Marco Aurélio},
	year = {2016},
	pages = {100}
}

@article{miguel_worms:_2004,
	title = {Worms: identifying impacts on education and health in the presence of treatment externalities},
	volume = {72},
	shorttitle = {Worms},
	url = {http://onlinelibrary.wiley.com/doi/10.1111/j.1468-0262.2004.00481.x/full},
	number = {1},
	urldate = {2017-03-22},
	journal = {Econometrica},
	author = {Miguel, Edward and Kremer, Michael},
	year = {2004},
	pages = {159--217}
}

@article{miller_womens_2008,
	title = {Women's suffrage, political responsiveness, and child survival in {American} history},
	volume = {123},
	url = {http://trafficlight.bitdefender.com/info?url=http%3A//qje.oxfordjournals.org/content/123/3/1287.short&language=en_US},
	number = {3},
	urldate = {2017-05-12},
	journal = {The Quarterly Journal of Economics},
	author = {Miller, Grant},
	year = {2008},
	pages = {1287--1327}
}

@article{chattopadhyay_women_2004,
	title = {Women as policy makers: {Evidence} from a randomized policy experiment in {India}},
	volume = {72},
	shorttitle = {Women as policy makers},
	url = {http://trafficlight.bitdefender.com/info?url=http%3A//onlinelibrary.wiley.com/doi/10.1111/j.1468-0262.2004.00539.x/full&language=en_US},
	number = {5},
	urldate = {2017-05-16},
	journal = {Econometrica},
	author = {Chattopadhyay, Raghabendra and Duflo, Esther},
	year = {2004},
	pages = {1409--1443}
}

@article{cavalcanti_winning_2016,
	title = {Winning the oil lottery: {The} impact of natural resource extraction on growth},
	shorttitle = {Winning the oil lottery},
	url = {https://papers.ssrn.com/sol3/papers.cfm?abstract_id=2770295},
	urldate = {2017-06-24},
	author = {Cavalcanti, Tiago and Da Mata, Daniel and Toscani, Frederik Giancarlo},
	year = {2016}
}

@article{angrist_when_2004,
	title = {When to control for covariates? {Panel} asymptotics for estimates of treatment effects},
	volume = {86},
	shorttitle = {When to control for covariates?},
	url = {http://www.mitpressjournals.org/doi/abs/10.1162/003465304323023679},
	number = {1},
	urldate = {2017-04-27},
	journal = {Review of Economics and statistics},
	author = {Angrist, Joshua and Hahn, Jinyong},
	year = {2004},
	pages = {58--72}
}

@article{brollo_what_2016,
	title = {What happens when a woman wins an election? {Evidence} from close races in {Brazil}},
	volume = {122},
	shorttitle = {What happens when a woman wins an election?},
	url = {http://trafficlight.bitdefender.com/info?url=http%3A//www.sciencedirect.com/science/article/pii/S0304387816300244&language=en_US},
	urldate = {2017-05-16},
	journal = {Journal of Development Economics},
	author = {Brollo, Fernanda and Troiano, Ugo},
	year = {2016},
	pages = {28--45}
}

@article{alzua_welfare_2013,
	title = {Welfare programs and labor supply in developing countries: experimental evidence from {Latin} {America}},
	volume = {26},
	shorttitle = {Welfare programs and labor supply in developing countries},
	url = {http://link.springer.com/article/10.1007/s00148-012-0458-0},
	number = {4},
	urldate = {2017-03-31},
	journal = {Journal of Population Economics},
	author = {Alzúa, María Laura and Cruces, Guillermo and Ripani, Laura},
	year = {2013},
	pages = {1255--1284}
}

@article{galiani_water_2005,
	title = {Water for life: {The} impact of the privatization of water services on child mortality},
	volume = {113},
	shorttitle = {Water for life},
	url = {http://www.journals.uchicago.edu/doi/abs/10.1086/426041},
	number = {1},
	urldate = {2017-05-02},
	journal = {Journal of political economy},
	author = {Galiani, Sebastian and Gertler, Paul and Schargrodsky, Ernesto},
	year = {2005},
	pages = {83--120}
}

@article{blinder_wage_1973,
	title = {Wage discrimination: reduced form and structural estimates},
	shorttitle = {Wage discrimination},
	url = {http://www.jstor.org/stable/144855},
	urldate = {2017-07-21},
	journal = {Journal of Human resources},
	author = {Blinder, Alan S.},
	year = {1973},
	pages = {436--455}
}

@article{de_matos_coelho_vinte_2008,
	title = {Vinte anos de avaliação da educação básica no {Brasil}: aprendizagens e desafios},
	volume = {16},
	shorttitle = {Vinte anos de avaliação da educação básica no {Brasil}},
	url = {http://www.redalyc.org/html/3995/399537954005/},
	number = {59},
	urldate = {2017-07-08},
	journal = {Ensaio: Avaliação e políticas públicas em Educação},
	author = {de Matos Coelho, Maria Inês},
	year = {2008}
}

@article{da_costa_campos_vertical_2015,
	title = {Vertical tax competition in {Brazil}: {Empirical} evidence for {ICMS} and {IPI} in the period 1995–2009},
	volume = {16},
	shorttitle = {Vertical tax competition in {Brazil}},
	url = {http://www.sciencedirect.com/science/article/pii/S1517758015000089},
	number = {1},
	urldate = {2017-06-15},
	journal = {EconomiA},
	author = {da Costa Campos, Rodolfo Herald and Ferreira, Roberto Tatiwa and Kloeckner, Rafael},
	year = {2015},
	pages = {111--127}
}

@book{ashenfelter_using_1984,
	title = {Using the longitudinal structure of earnings to estimate the effect of training programs},
	url = {http://www.nber.org/papers/w1489},
	urldate = {2017-04-27},
	publisher = {National Bureau of Economic Research Cambridge, Mass., USA},
	author = {Ashenfelter, Orley C. and Card, David},
	year = {1984}
}

@article{angrist_using_1999,
	title = {Using {Maimonides}' rule to estimate the effect of class size on scholastic achievement},
	volume = {114},
	url = {http://qje.oxfordjournals.org/content/114/2/533.short},
	number = {2},
	urldate = {2017-04-27},
	journal = {The Quarterly Journal of Economics},
	author = {Angrist, Joshua D. and Lavy, Victor},
	year = {1999},
	pages = {533--575}
}

@article{mccrudden_using_2004,
	title = {Using public procurement to achieve social outcomes},
	volume = {28},
	issn = {1477-8947},
	url = {http://onlinelibrary.wiley.com/doi/10.1111/j.1477-8947.2004.00099.x/abstract},
	doi = {10.1111/j.1477-8947.2004.00099.x},
	abstract = {The use of public procurement to achieve social outcomes is widespread, but detailed information about how it operates is often sketchy and difficult to find. This article is essentially a mapping exercise, describing the history and current use of government contracting as a tool of social regulation, what the author calls the issue of ‘linkage’. The article considers the popularity of linkage in the 19th century in Europe and North America, particularly in dealing with issues of labour standards and unemployment. The use of linkage expanded during the 20th century, initially to include the provision of employment opportunities to disabled workers. During and after World War II, the use of linkage became particularly important in the United States in addressing racial equality, in the requirements for non-discrimination in contracts, and in affirmative action and set-asides for minority businesses. Subsequently, the role of procurement spread both in its geographical coverage and in the subject areas of social policy that it was used to promote. The article considers examples of the use of procurement to promote equality on the basis of ethnicity and gender drawn from Malaysia, South Africa, Canada, and the European Community. More recently, procurement has been used as an instrument to promote human rights transnationally, also by international organizations such as the International Labour Organisation. The article includes some reflections on the relationship between ‘green’ procurement, ‘social’ procurement, and sustainable development, and recent attempts to develop the concept of ‘sustainable procurement.’},
	language = {en},
	number = {4},
	urldate = {2017-02-10},
	journal = {Natural Resources Forum},
	author = {McCrudden, Christopher},
	month = nov,
	year = {2004},
	keywords = {Aboriginal rights, Affirmative action, Disabled workers, Equal rights, Gender equality, Green procurement, Human rights, Labour standards, Public procurement, Sustainable development, Targeted procurement, Unemployment},
	pages = {257--267}
}

@article{kleven_unwilling_2011,
	title = {Unwilling or unable to cheat? {Evidence} from a tax audit experiment in {Denmark}},
	volume = {79},
	shorttitle = {Unwilling or unable to cheat?},
	url = {http://onlinelibrary.wiley.com/doi/10.3982/ECTA9113/full},
	number = {3},
	urldate = {2017-05-04},
	journal = {Econometrica},
	author = {Kleven, Henrik Jacobsen and Knudsen, Martin B. and Kreiner, Claus Thustrup and Pedersen, Søren and Saez, Emmanuel},
	year = {2011},
	pages = {651--692}
}

@book{burstein_unionism_1965,
	title = {Unionism and {Relative} {Wages} in the {United} {States}: {An} {Empirical} {Inquiry}},
	shorttitle = {Unionism and {Relative} {Wages} in the {United} {States}},
	url = {http://www.jstor.org/stable/1598697},
	urldate = {2016-11-02},
	publisher = {JSTOR},
	author = {Burstein, M. L. and Lewis, H. G.},
	year = {1965}
}

@article{brollo_tying_2012,
	title = {Tying your enemy's hands in close races: the politics of federal transfers in {Brazil}},
	volume = {106},
	shorttitle = {Tying your enemy's hands in close races},
	url = {http://journals.cambridge.org/abstract_S0003055412000433},
	number = {04},
	urldate = {2017-06-16},
	journal = {American Political Science Review},
	author = {Brollo, Fernanda and Nannicini, Tommaso},
	year = {2012},
	pages = {742--761}
}

@phdthesis{regatieri_tributos_nodate,
	title = {Tributos municipais: um mecanismo de aplicação da política municipal e sua relação com os resultados eleitorais},
	shorttitle = {Tributos municipais},
	url = {http://bibliotecadigital.fgv.br/dspace/handle/10438/11006},
	urldate = {2017-06-16},
	author = {Regatieri, Rebeca}
}

@article{alt_transparency_2006,
	title = {Transparency, political polarization, and political budget cycles in {OECD} countries},
	volume = {50},
	url = {http://trafficlight.bitdefender.com/info?url=http%3A//onlinelibrary.wiley.com/doi/10.1111/j.1540-5907.2006.00200.x/full&language=en_US},
	number = {3},
	urldate = {2017-05-18},
	journal = {American Journal of Political Science},
	author = {Alt, James E. and Lassen, David Dreyer},
	year = {2006},
	pages = {530--550}
}

@article{lopez_tragedy_1998,
	title = {The tragedy of the commons in {Cote} d'{Ivoire} agriculture: empirical evidence and implications for evaluating trade policies},
	volume = {12},
	shorttitle = {The tragedy of the commons in {Cote} d'{Ivoire} agriculture},
	url = {http://elibrary.worldbank.org/doi/pdf/10.1093/wber/12.1.105},
	urldate = {2017-03-22},
	journal = {World Bank Economic Review},
	author = {Lopez, Ramon and {others}},
	year = {1998},
	pages = {105--132}
}

@book{veblen_theory_1965,
	title = {The {Theory} of the {Leisure} {Class}. 1899},
	publisher = {AM Kelley, bookseller},
	author = {Veblen, Thorstein},
	year = {1965}
}

@article{foguel_public-private_2000,
	title = {The {Public}-{Private} {Wage} gap in {Brazil}},
	volume = {54},
	doi = {S0034-71402000000400003},
	author = {Foguel, Miguel and Gill, Indermit and Mendonça, Rosane and Barros, Ricardo Paes},
	year = {2000}
}

@article{ferris_public_1988,
	title = {The public spending and employment effects of local service contracting},
	url = {http://www.jstor.org/stable/41788722},
	urldate = {2017-02-06},
	journal = {National Tax Journal},
	author = {Ferris, James M.},
	year = {1988},
	pages = {209--217}
}

@article{brollo_political_2013,
	title = {The political resource curse},
	volume = {103},
	url = {http://www.ingentaconnect.com/content/aea/aer/2013/00000103/00000005/art00007},
	number = {5},
	urldate = {2017-04-18},
	journal = {The American Economic Review},
	author = {Brollo, Fernanda and Nannicini, Tommaso and Perotti, Roberto and Tabellini, Guido},
	year = {2013},
	pages = {1759--1796}
}

@article{besley_political_2002,
	title = {The political economy of government responsiveness: {Theory} and evidence from {India}},
	volume = {117},
	shorttitle = {The political economy of government responsiveness},
	url = {http://trafficlight.bitdefender.com/info?url=http%3A//qje.oxfordjournals.org/content/117/4/1415.short&language=en_US},
	number = {4},
	urldate = {2017-05-20},
	journal = {The Quarterly Journal of Economics},
	author = {Besley, Timothy and Burgess, Robin},
	year = {2002},
	pages = {1415--1451}
}

@techreport{pettersson-lidbom_policy_2009,
	title = {The {Policy} {Consequences} of {Direct} versus {Representative} {Democracy}: {A} {Regression} {Discontinuity} {Approach}},
	shorttitle = {The {Policy} {Consequences} of {Direct} versus {Representative} {Democracy}},
	url = {http://www.webmeets.com/files/papers/ESWC/2010/2727/directdem.pdf},
	urldate = {2017-06-10},
	author = {Pettersson-Lidbom, Per and Tyrefors, Björn},
	year = {2009}
}

@article{dell_persistent_2010,
	title = {The persistent effects of {Peru}'s mining mita},
	volume = {78},
	url = {http://onlinelibrary.wiley.com/doi/10.3982/ECTA8121/full},
	number = {6},
	urldate = {2017-03-14},
	journal = {Econometrica},
	author = {Dell, Melissa},
	year = {2010},
	pages = {1863--1903}
}

@article{clark_performance_2009,
	title = {The performance and competitive effects of school autonomy},
	volume = {117},
	url = {http://www.journals.uchicago.edu/doi/abs/10.1086/605604},
	number = {4},
	urldate = {2017-07-02},
	journal = {Journal of Political Economy},
	author = {Clark, Damon},
	year = {2009},
	pages = {745--783}
}

@article{banerjee_miracle_2015,
	title = {The miracle of microfinance? {Evidence} from a randomized evaluation},
	volume = {7},
	shorttitle = {The miracle of microfinance?},
	url = {http://www.ingentaconnect.com/content/aea/aejae/2015/00000007/00000001/art00002},
	number = {1},
	urldate = {2017-04-10},
	journal = {American Economic Journal: Applied Economics},
	author = {Banerjee, Abhijit and Duflo, Esther and Glennerster, Rachel and Kinnan, Cynthia},
	year = {2015},
	pages = {22--53}
}

@article{duflo_medium_2004,
	title = {The medium run effects of educational expansion: {Evidence} from a large school construction program in {Indonesia}},
	volume = {74},
	shorttitle = {The medium run effects of educational expansion},
	url = {http://www.sciencedirect.com/science/article/pii/S0304387803001846},
	number = {1},
	urldate = {2017-04-08},
	journal = {Journal of Development Economics},
	author = {Duflo, Esther},
	year = {2004},
	pages = {163--197}
}

@article{attanasio_impacts_2015,
	title = {The impacts of microfinance: {Evidence} from joint-liability lending in {Mongolia}},
	volume = {7},
	shorttitle = {The impacts of microfinance},
	url = {http://www.ingentaconnect.com/content/aea/aejae/2015/00000007/00000001/art00004},
	number = {1},
	urldate = {2017-04-24},
	journal = {American Economic Journal: Applied Economics},
	author = {Attanasio, Orazio and Augsburg, Britta and De Haas, Ralph and Fitzsimons, Emla and Harmgart, Heike},
	year = {2015},
	pages = {90--122}
}

@article{augsburg_impacts_2015,
	title = {The impacts of microcredit: {Evidence} from {Bosnia} and {Herzegovina}},
	volume = {7},
	shorttitle = {The impacts of microcredit},
	url = {http://www.ingentaconnect.com/content/aea/aejae/2015/00000007/00000001/art00007},
	number = {1},
	urldate = {2017-04-24},
	journal = {American Economic Journal: Applied Economics},
	author = {Augsburg, Britta and De Haas, Ralph and Harmgart, Heike and Meghir, Costas},
	year = {2015},
	pages = {183--203}
}

@article{tarozzi_impacts_2015,
	title = {The impacts of microcredit: {Evidence} from {Ethiopia}},
	volume = {7},
	shorttitle = {The impacts of microcredit},
	url = {http://www.ingentaconnect.com/content/aea/aejae/2015/00000007/00000001/art00003},
	number = {1},
	urldate = {2017-04-24},
	journal = {American Economic Journal: Applied Economics},
	author = {Tarozzi, Alessandro and Desai, Jaikishan and Johnson, Kristin},
	year = {2015},
	pages = {54--89}
}

@article{dunn_impacts_2001,
	title = {The impacts of microcredit: {A} case study from {Peru}},
	shorttitle = {The impacts of microcredit},
	journal = {USAID Office of Microenterprise Development. Washington DC: USAID AIMS Project},
	author = {Dunn, Elizabeth and Arbuckle Jr, J. Gordon},
	year = {2001}
}

@article{aaronson_impact_2011,
	title = {The impact of {Rosenwald} schools on black achievement},
	volume = {119},
	url = {http://www.journals.uchicago.edu/doi/abs/10.1086/662962},
	number = {5},
	urldate = {2017-04-10},
	journal = {Journal of Political Economy},
	author = {Aaronson, Daniel and Mazumder, Bhashkar},
	year = {2011},
	pages = {821--888}
}

@article{litschig_impact_2013,
	title = {The impact of intergovernmental transfers on education outcomes and poverty reduction},
	volume = {5},
	number = {4},
	journal = {American Economic Journal: Applied Economics},
	author = {Litschig, Stephan and Morrison, Kevin M.},
	year = {2013},
	pages = {206--240}
}

@article{pitt_impact_1998,
	title = {The impact of group-based credit programs on poor households in {Bangladesh}: {Does} the gender of participants matter?},
	volume = {106},
	shorttitle = {The impact of group-based credit programs on poor households in {Bangladesh}},
	url = {http://www.journals.uchicago.edu/doi/abs/10.1086/250037},
	number = {5},
	urldate = {2017-04-20},
	journal = {Journal of political economy},
	author = {Pitt, Mark M. and Khandker, Shahidur R.},
	year = {1998},
	pages = {958--996}
}

@article{dellavigna_fox_2007,
	title = {The {Fox} {News} effect: {Media} bias and voting},
	volume = {122},
	shorttitle = {The {Fox} {News} effect},
	url = {http://qje.oxfordjournals.org/content/122/3/1187.short},
	number = {3},
	urldate = {2017-06-04},
	journal = {The Quarterly Journal of Economics},
	author = {DellaVigna, Stefano and Kaplan, Ethan},
	year = {2007},
	pages = {1187--1234}
}

@article{undurraga_effects_2016,
	title = {The effects of community income inequality on health: {Evidence} from a randomized control trial in the {Bolivian} {Amazon}},
	volume = {149},
	shorttitle = {The effects of community income inequality on health},
	url = {http://www.sciencedirect.com/science/article/pii/S0277953615302641},
	urldate = {2017-03-28},
	journal = {Social Science \& Medicine},
	author = {Undurraga, Eduardo A. and Behrman, Jere R. and Leonard, William R. and Godoy, Ricardo A.},
	year = {2016},
	pages = {66--75}
}

@article{husted_effect_1997,
	title = {The {Effect} of the {Expansion} of the {Voting} {Franchise} on the {Size} of {Government}},
	volume = {105},
	url = {http://trafficlight.bitdefender.com/info?url=http%3A//www.journals.uchicago.edu/doi/abs/10.1086/262065&language=en_US},
	number = {1},
	urldate = {2017-05-10},
	journal = {Journal of Political Economy},
	author = {Husted, Thomas A. and Kenny, Lawrence W.},
	year = {1997},
	pages = {54--82}
}

@article{hanushek_economics_1986,
	title = {The economics of schooling: {Production} and efficiency in public schools},
	volume = {24},
	shorttitle = {The economics of schooling},
	url = {http://www.jstor.org/stable/2725865},
	number = {3},
	urldate = {2017-07-03},
	journal = {Journal of economic literature},
	author = {Hanushek, Eric A.},
	year = {1986},
	pages = {1141--1177}
}

@article{mckenzie_distributive_2003,
	title = {The distributive impact of privatization in {Latin} {America}: {Evidence} from four countries [with comments]},
	volume = {3},
	shorttitle = {The distributive impact of privatization in {Latin} {America}},
	url = {http://www.jstor.org/stable/20065443},
	number = {2},
	urldate = {2017-05-02},
	journal = {Economia},
	author = {McKenzie, David and Mookherjee, Dilip and Castañeda, Gonzalo and Saavedra, Jaime},
	year = {2003},
	pages = {161--233}
}

@article{fisher_design_1935,
	title = {The design of experiments.},
	url = {http://psycnet.apa.org/psycinfo/1939-04964-000},
	urldate = {2017-04-27},
	author = {Fisher, R. A.},
	year = {1935}
}

@article{de_mello_braziliantax_2007,
	title = {The {Brazilian}'{Tax} {War}': {The} {Case} of {Value}-{Added} {Tax} {Competition} {Among} the {States}},
	shorttitle = {The {Brazilian}'{Tax} {War}'},
	url = {http://search.proquest.com/openview/828a1b5ed67e1a4f4ccb6b293ded8950/1?pq-origsite=gscholar&cbl=54478},
	number = {544},
	urldate = {2017-06-15},
	journal = {OECD Economic Department Working Papers},
	author = {De Mello, Luiz},
	year = {2007},
	pages = {0\_1}
}

@article{la_porta_benefits_1999,
	title = {The benefits of privatization: {Evidence} from {Mexico}},
	volume = {114},
	shorttitle = {The benefits of privatization},
	url = {http://qje.oxfordjournals.org/content/114/4/1193.short},
	number = {4},
	urldate = {2017-05-02},
	journal = {The Quarterly Journal of Economics},
	author = {La Porta, Rafael and Lopez-de-Silanes, Florencio},
	year = {1999},
	pages = {1193--1242}
}

@article{fisher_arrangement_1926,
	title = {The arrangement of {Field} {Experiments}},
	number = {Journal of Ministry of Agriculture},
	author = {Fisher, Ronald Aylmer},
	year = {1926},
	pages = {503--513}
}

@article{muralidharan_aggregate_2015,
	title = {The {Aggregate} {Effect} of {School} {Choice}: {Evidence} from a two-stage experiment in {India}},
	volume = {130},
	shorttitle = {The {Aggregate} {Effect} of {School} {Choice}},
	url = {http://qje.oxfordjournals.org/content/130/3/1011.short},
	number = {3},
	urldate = {2017-05-06},
	journal = {The Quarterly Journal of Economics},
	author = {Muralidharan, Karthik and Sundararaman, Venkatesh},
	year = {2015},
	pages = {1011--1066}
}

@article{dal_bo_term_2011,
	title = {Term length and the effort of politicians},
	url = {http://trafficlight.bitdefender.com/info?url=http%3A//restud.oxfordjournals.org/content/early/2011/05/05/restud.rdr010.short&language=en_US},
	urldate = {2017-05-25},
	journal = {The Review of Economic Studies},
	author = {Dal Bó, Ernesto and Rossi, Martín A.},
	year = {2011},
	pages = {rdr010}
}

@article{cohen_testing_2010,
	title = {Testing for adverse selection in insurance markets},
	volume = {77},
	url = {http://onlinelibrary.wiley.com/doi/10.1111/j.1539-6975.2009.01337.x/full},
	number = {1},
	urldate = {2017-03-22},
	journal = {Journal of Risk and Insurance},
	author = {Cohen, Alma and Siegelman, Peter},
	year = {2010},
	pages = {39--84}
}

@article{khan_tax_2016,
	title = {Tax farming redux: {Experimental} evidence on performance pay for tax collectors},
	volume = {131},
	shorttitle = {Tax farming redux},
	url = {http://qje.oxfordjournals.org/content/131/1/219.short},
	number = {1},
	urldate = {2017-05-06},
	journal = {The Quarterly Journal of Economics},
	author = {Khan, Adnan Q. and Khwaja, Asim I. and Olken, Benjamin A.},
	year = {2016},
	pages = {219--271}
}

@article{holland_statistics_1986,
	title = {Statistics and causal inference},
	volume = {81},
	url = {http://www.tandfonline.com/doi/abs/10.1080/01621459.1986.10478354},
	number = {396},
	urldate = {2017-04-27},
	journal = {Journal of the American statistical Association},
	author = {Holland, Paul W.},
	year = {1986},
	pages = {945--960}
}

@article{acemoglu_colonial_2001,
	title = {The colonial origins of comparative development: {An} empirical investigation},
	volume = {91},
	shorttitle = {The colonial origins of comparative development},
	number = {5},
	journal = {American economic review},
	author = {Acemoglu, Daron and Johnson, Simon and Robinson, James A.},
	year = {2001},
	pages = {1369--1401}
}

@article{neyman_statistical_1935,
	title = {Statistical problems in agricultural experimentation},
	volume = {2},
	url = {http://www.jstor.org/stable/2983637},
	number = {2},
	urldate = {2017-04-27},
	journal = {Supplement to the Journal of the Royal Statistical Society},
	author = {Neyman, Jerzy and Iwaszkiewicz, Karolina},
	year = {1935},
	pages = {107--180}
}

@article{feler_state_2012,
	title = {State {Bank} {Privatization} and {Local} {Economic} {Activity}},
	journal = {Johns Hopkins University, Mimeo},
	author = {Feler, Leo},
	year = {2012}
}

@article{chioda_spillovers_2016,
	title = {Spillovers from conditional cash transfer programs: {Bolsa} {Família} and crime in urban {Brazil}},
	volume = {54},
	shorttitle = {Spillovers from conditional cash transfer programs},
	url = {http://www.sciencedirect.com/science/article/pii/S0272775715000552},
	urldate = {2017-04-04},
	journal = {Economics of Education Review},
	author = {Chioda, Laura and De Mello, João MP and Soares, Rodrigo R.},
	year = {2016},
	pages = {306--320}
}

@article{roy_thoughts_1951,
	title = {Some thoughts on the distribution of earnings},
	volume = {3},
	url = {http://www.jstor.org/stable/2662082},
	number = {2},
	urldate = {2016-11-02},
	journal = {Oxford economic papers},
	author = {Roy, Andrew Donald},
	year = {1951},
	pages = {135--146}
}

@article{banerjee_six_2015,
	title = {Six randomized evaluations of microcredit: {Introduction} and further steps},
	volume = {7},
	shorttitle = {Six randomized evaluations of microcredit},
	url = {http://www.ingentaconnect.com/content/aea/aejae/2015/00000007/00000001/art00001},
	number = {1},
	urldate = {2017-04-24},
	journal = {American Economic Journal: Applied Economics},
	author = {Banerjee, Abhijit and Karlan, Dean and Zinman, Jonathan},
	year = {2015},
	pages = {1--21}
}

@article{kamakura_socioeconomic_2013,
	title = {Socioeconomic status and consumption in an emerging economy},
	volume = {30},
	url = {http://www.sciencedirect.com/science/article/pii/S0167811612000699},
	number = {1},
	urldate = {2016-12-06},
	journal = {International Journal of Research in Marketing},
	author = {Kamakura, Wagner A. and Mazzon, Jose A.},
	year = {2013},
	pages = {4--18}
}

@techreport{angrist_semiparametric_2004,
	title = {Semiparametric causality tests using the policy propensity score},
	url = {http://www.nber.org/papers/w10975},
	urldate = {2017-04-27},
	institution = {National Bureau of Economic Research},
	author = {Angrist, Joshua D. and Kuersteiner, Guido M.},
	year = {2004}
}

@article{taubman_segmented_1986,
	title = {Segmented labor markets},
	volume = {2},
	url = {http://www.sciencedirect.com/science/article/pii/S1573446386020114},
	urldate = {2016-11-12},
	journal = {Handbook of labor economics},
	author = {Taubman, Paul and Wachter, Michael L.},
	year = {1986},
	pages = {1183--1217}
}

@incollection{mincer_schooling_1974,
	title = {Schooling and earnings},
	url = {http://www.nber.org/chapters/c1765.pdf},
	urldate = {2016-11-02},
	booktitle = {Schooling, experience, and earnings},
	publisher = {NBER},
	author = {Mincer, Jacob A.},
	year = {1974},
	pages = {41--63}
}

@article{galiani_school_2008,
	title = {School decentralization: {Helping} the good get better, but leaving the poor behind},
	volume = {92},
	shorttitle = {School decentralization},
	url = {http://www.sciencedirect.com/science/article/pii/S0047272708000923},
	number = {10},
	urldate = {2017-07-02},
	journal = {Journal of public economics},
	author = {Galiani, Sebastian and Gertler, Paul and Schargrodsky, Ernesto},
	year = {2008},
	pages = {2106--2120}
}

@book{heckman_sample_1977,
	title = {Sample selection bias as a specification error (with an application to the estimation of labor supply functions)},
	url = {http://www.nber.org/papers/w0172},
	urldate = {2016-11-02},
	publisher = {National Bureau of Economic Research Cambridge, Mass., USA},
	author = {Heckman, James J.},
	year = {1977}
}

@techreport{besley_sales_1998,
	title = {Sales taxes and prices: an empirical analysis},
	shorttitle = {Sales taxes and prices},
	url = {http://www.nber.org/papers/w6667},
	urldate = {2017-05-03},
	institution = {National Bureau of Economic Research},
	author = {Besley, Timothy J. and Rosen, Harvey S.},
	year = {1998}
}

@article{postali_resource_2009,
	title = {Resource windfalls, fiscal effort and public spending: evidence from {Brazilian} municipalities},
	shorttitle = {Resource windfalls, fiscal effort and public spending},
	url = {https://papers.ssrn.com/sol3/papers.cfm?abstract_id=1458085},
	urldate = {2017-06-16},
	author = {Postali, Fernando and Rocha, Fabiana},
	year = {2009}
}

@article{vaz_remuneracao_2007,
	title = {Remuneração nos serviços no {Brasil}: o contraste entre funcionários públicos e privados},
	volume = {16},
	shorttitle = {Remuneração nos serviços no {Brasil}},
	url = {http://www.scielo.br/pdf/ecos/v16n2/a04v16n2},
	number = {2},
	urldate = {2016-11-02},
	journal = {Economia e Sociedade},
	author = {Vaz, Daniela Verzola and Hoffmann, Rodolfo},
	year = {2007},
	pages = {199--232}
}

@techreport{naritomi_rent_2007,
	title = {Rent seeking and the unveiling of'de facto'institutions: development and colonial heritage within {Brazil}},
	shorttitle = {Rent seeking and the unveiling of'de facto'institutions},
	url = {http://www.nber.org/papers/w13545},
	urldate = {2017-03-14},
	institution = {National Bureau of Economic Research},
	author = {Naritomi, Joana and Soares, Rodrigo R. and Assunção, Juliano J.},
	year = {2007}
}

@article{lee_regression_2008,
	title = {Regression discontinuity inference with specification error},
	volume = {142},
	url = {http://www.sciencedirect.com/science/article/pii/S030440760700111X},
	number = {2},
	urldate = {2017-04-27},
	journal = {Journal of Econometrics},
	author = {Lee, David S. and Card, David},
	year = {2008},
	pages = {655--674}
}

@article{imbens_regression_2008,
	title = {Regression discontinuity designs: {A} guide to practice},
	volume = {142},
	shorttitle = {Regression discontinuity designs},
	url = {http://www.sciencedirect.com/science/article/pii/S0304407607001091},
	number = {2},
	urldate = {2017-04-27},
	journal = {Journal of econometrics},
	author = {Imbens, Guido W. and Lemieux, Thomas},
	year = {2008},
	pages = {615--635}
}

@book{newey_simple_1986,
	title = {A simple, positive semi-definite, heteroskedasticity and autocorrelationconsistent covariance matrix},
	publisher = {National Bureau of Economic Research Cambridge, Mass., USA},
	author = {Newey, Whitney K. and West, Kenneth D.},
	year = {1986}
}

@article{varsano_guerra_1997,
	title = {A guerra fiscal do {ICMS}: quem ganha e quem perde},
	shorttitle = {A guerra fiscal do {ICMS}},
	author = {Varsano, Ricardo},
	year = {1997}
}

@article{falck_e-lections:_2014,
	title = {E-lections: {Voting} {Behavior} and the {Internet}},
	volume = {104},
	shorttitle = {E-lections},
	number = {7},
	journal = {American Economic Review},
	author = {Falck, Oliver and Gold, Robert and Heblich, Stephan},
	year = {2014},
	pages = {2238--65}
}

@article{tolbert_unraveling_2003,
	title = {Unraveling the effects of the {Internet} on political participation?},
	volume = {56},
	number = {2},
	journal = {Political research quarterly},
	author = {Tolbert, Caroline J. and McNeal, Ramona S.},
	year = {2003},
	pages = {175--185}
}

@article{miner_unintended_2015,
	title = {The unintended consequences of {Internet} diffusion: {Evidence} from {Malaysia}},
	volume = {132},
	shorttitle = {The unintended consequences of {Internet} diffusion},
	journal = {Journal of Public Economics},
	author = {Miner, Luke},
	year = {2015},
	pages = {66--78}
}

@phdthesis{larson_internet_2004,
	type = {{PhD} {Thesis}},
	title = {The {Internet} and political participation: the effect of {Internet} use on voter turnout},
	shorttitle = {The {Internet} and political participation},
	author = {Larson, Karen},
	year = {2004}
}

@article{lelkes_hostile_2017,
	title = {The hostile audience: {The} effect of access to broadband internet on partisan affect},
	volume = {61},
	shorttitle = {The hostile audience},
	number = {1},
	journal = {American Journal of Political Science},
	author = {Lelkes, Yphtach and Sood, Gaurav and Iyengar, Shanto},
	year = {2017},
	pages = {5--20}
}

@article{haythornthwaite_social_2005,
	title = {Social networks and {Internet} connectivity effects},
	volume = {8},
	number = {2},
	journal = {Information, Community \& Society},
	author = {Haythornthwaite, Caroline},
	year = {2005},
	pages = {125--147}
}

@article{boulianne_social_2015,
	title = {Social media use and participation: {A} meta-analysis of current research},
	volume = {18},
	shorttitle = {Social media use and participation},
	number = {5},
	journal = {Information, communication \& society},
	author = {Boulianne, Shelley},
	year = {2015},
	pages = {524--538}
}

@article{campante_politics_2017,
	title = {Politics 2.0: {The} multifaceted effect of broadband internet on political participation},
	volume = {16},
	shorttitle = {Politics 2.0},
	number = {4},
	journal = {Journal of the European Economic Association},
	author = {Campante, Filipe and Durante, Ruben and Sobbrio, Francesco},
	year = {2017},
	pages = {1094--1136}
}

@article{carlson_old_2001,
	title = {Old wine in new bottles? {The} 1999 {Finnish} election campaign on the {Internet}},
	volume = {6},
	shorttitle = {Old wine in new bottles?},
	number = {1},
	journal = {Harvard International Journal of Press/Politics},
	author = {Carlson, Tom and Djupsund, Göran},
	year = {2001},
	pages = {68--87}
}

@article{minard_internet_2015,
	title = {Internet {Use}, {Voter} {Turnout}, and {Party} {Preference} across {Four} {Regime} {Types} in {East} {Asia}},
	volume = {11},
	number = {2},
	journal = {Taiwan Journal of Democracy},
	author = {Minard, Paul and Landriault, Mathieu},
	year = {2015},
	pages = {75--108}
}

@article{menezes_internet_2015,
	title = {Internet {Availability}, {Political} {Information}, and {Voting}: {Evidence} from {Brazil}},
	shorttitle = {Internet {Availability}, {Political} {Information}, and {Voting}},
	url = {http://citeseerx.ist.psu.edu/viewdoc/summary?doi=10.1.1.706.5314},
	author = {Menezes, Aline},
	year = {2015}
}

@article{poy_internet_2016,
	title = {Internet and voting in the {Web} 2.0 era: evidence from a local broadband policy},
	shorttitle = {Internet and voting in the {Web} 2.0 era},
	url = {https://ssrn.com/abstract=2871191},
	journal = {Working Paper},
	author = {Poy, Samuele and Schüller, Simone},
	year = {2016}
}

@article{power_elite_2012,
	title = {Elite preferences in a consolidating democracy: the {Brazilian} legislative surveys, 1990–2009},
	volume = {54},
	shorttitle = {Elite preferences in a consolidating democracy},
	number = {4},
	journal = {Latin American Politics and Society},
	author = {Power, Timothy J. and Zucco Jr, Cesar},
	year = {2012},
	pages = {1--27}
}

@article{xenos_direct_2007,
	title = {Direct and differential effects of the {Internet} on political and civic engagement},
	volume = {57},
	number = {4},
	journal = {Journal of communication},
	author = {Xenos, Michael and Moy, Patricia},
	year = {2007},
	pages = {704--718}
}

@article{jaber_broadband_2013,
	title = {Broadband {Internet} and {Political} {Behavior}: {Evidence} from the {United} {States}},
	shorttitle = {Broadband {Internet} and {Political} {Behavior}},
	journal = {Available at SSRN 2353549},
	author = {Jaber, Ahmed},
	year = {2013}
}

@article{de_sousa_brazilian_nodate,
	title = {Brazilian elections in social media: reviewing and},
	shorttitle = {Brazilian elections in social media},
	author = {de SOUSA, Ícaro Joathan}
}

@article{bimber_internet_1998,
	title = {The {Internet} and political mobilization: {Research} note on the 1996 election season},
	volume = {16},
	shorttitle = {The {Internet} and political mobilization},
	number = {4},
	journal = {Social Science Computer Review},
	author = {Bimber, Bruce},
	year = {1998},
	pages = {391--401}
}

@article{allcott_social_2017,
	title = {Social media and fake news in the 2016 election},
	volume = {31},
	number = {2},
	journal = {Journal of economic perspectives},
	author = {Allcott, Hunt and Gentzkow, Matthew},
	year = {2017},
	pages = {211--36}
}

@article{chae_meta-analysis_2019,
	title = {Meta-analysis of the relationship between {Internet} use and political participation: examining main and moderating effects},
	volume = {29},
	shorttitle = {Meta-analysis of the relationship between {Internet} use and political participation},
	number = {1},
	journal = {Asian Journal of Communication},
	author = {Chae, Younggil and Lee, Sookjung and Kim, Yeolib},
	year = {2019},
	pages = {35--54}
}

@article{fujiwara_habit_2016,
	title = {Habit formation in voting: {Evidence} from rainy elections},
	volume = {8},
	shorttitle = {Habit formation in voting},
	number = {4},
	journal = {American Economic Journal: Applied Economics},
	author = {Fujiwara, Thomas and Meng, Kyle and Vogl, Tom},
	year = {2016},
	pages = {160--88}
}

@article{downs_economic_1957,
	title = {An economic theory of political action in a democracy},
	volume = {65},
	number = {2},
	journal = {Journal of political economy},
	author = {Downs, Anthony},
	year = {1957},
	pages = {135--150}
}

@article{lijphart_unequal_1997,
	title = {Unequal participation: {Democracy}'s unresolved dilemma presidential address, {American} {Political} {Science} {Association}, 1996},
	volume = {91},
	shorttitle = {Unequal participation},
	number = {1},
	journal = {American political science review},
	author = {Lijphart, Arend},
	year = {1997},
	pages = {1--14}
}

@article{de_leon_test_2014,
	title = {A test for the rational ignorance hypothesis: {Evidence} from a natural experiment in {Brazil}},
	volume = {6},
	shorttitle = {A test for the rational ignorance hypothesis},
	number = {4},
	journal = {American Economic Journal: Economic Policy},
	author = {de Leon, Lopez and Leite, Fernanda and Rizzi, Renata},
	year = {2014},
	pages = {380--98}
}

@article{besley_handcuffs_2006,
	title = {Handcuffs for the grabbing hand? {Media} capture and government accountability},
	volume = {96},
	shorttitle = {Handcuffs for the grabbing hand?},
	number = {3},
	journal = {American economic review},
	author = {Besley, Timothy and Prat, Andrea},
	year = {2006},
	pages = {720--736}
}

@article{drago_meet_2014,
	title = {Meet the press: {How} voters and politicians respond to newspaper entry and exit},
	volume = {6},
	shorttitle = {Meet the press},
	number = {3},
	journal = {American Economic Journal: Applied Economics},
	author = {Drago, Francesco and Nannicini, Tommaso and Sobbrio, Francesco},
	year = {2014},
	pages = {159--88}
}

@article{gentzkow_television_2006,
	title = {Television and voter turnout},
	volume = {121},
	number = {3},
	journal = {The Quarterly Journal of Economics},
	author = {Gentzkow, Matthew},
	year = {2006},
	pages = {931--972}
}

@article{oberholzer-gee_media_2009,
	title = {Media markets and localism: {Does} local news en {Espanol} boost {Hispanic} voter turnout?},
	volume = {99},
	shorttitle = {Media markets and localism},
	number = {5},
	journal = {American Economic Review},
	author = {Oberholzer-Gee, Felix and Waldfogel, Joel},
	year = {2009},
	pages = {2120--28}
}

@article{gentzkow_effect_2011,
	title = {The effect of newspaper entry and exit on electoral politics},
	volume = {101},
	number = {7},
	journal = {American Economic Review},
	author = {Gentzkow, Matthew and Shapiro, Jesse M. and Sinkinson, Michael},
	year = {2011},
	pages = {2980--3018}
}

@article{gerber_does_2009,
	title = {Does the media matter? {A} field experiment measuring the effect of newspapers on voting behavior and political opinions},
	volume = {1},
	shorttitle = {Does the media matter?},
	number = {2},
	journal = {American Economic Journal: Applied Economics},
	author = {Gerber, Alan S. and Karlan, Dean and Bergan, Daniel},
	year = {2009},
	pages = {35--52}
}

@article{czernich_broadband_2012,
	title = {Broadband {Internet} and {Political} {Participation}: {Evidence} for {G} ermany},
	volume = {65},
	shorttitle = {Broadband {Internet} and {Political} {Participation}},
	number = {1},
	journal = {Kyklos},
	author = {Czernich, Nina},
	year = {2012},
	pages = {31--52}
}

@article{uhlaner_rational_1989,
	title = {Rational turnout: {The} neglected role of groups},
	shorttitle = {Rational turnout},
	journal = {American Journal of Political Science},
	author = {Uhlaner, Carole J.},
	year = {1989},
	pages = {390--422}
}

@article{riker_theory_1968,
	title = {A {Theory} of the {Calculus} of {Voting}},
	volume = {62},
	number = {1},
	journal = {American political science review},
	author = {Riker, William H. and Ordeshook, Peter C.},
	year = {1968},
	pages = {25--42}
}

@article{ferejohn_paradox_1974,
	title = {The paradox of not voting: {A} decision theoretic analysis},
	volume = {68},
	shorttitle = {The paradox of not voting},
	number = {2},
	journal = {American political science review},
	author = {Ferejohn, John A. and Fiorina, Morris P.},
	year = {1974},
	pages = {525--536}
}

@article{aldrich_rational_1993,
	title = {Rational choice and turnout},
	journal = {American journal of political science},
	author = {Aldrich, John H.},
	year = {1993},
	pages = {246--278}
}

@misc{anatel_relatorio_2010,
	title = {Relatório de acompanhamento das metas de implementação da infraestrutura de rede de suporte do {STFC} para conexão em banda larga ({Backhaul})},
	url = {https://www.anatel.gov.br/Portal/verificaDocumentos/documento.asp?numeroPublicacao=240258},
	publisher = {Superintendência de Universalização},
	author = {Anatel},
	year = {2010}
}

@article{imbens_optimal_2012,
	title = {Optimal bandwidth choice for the regression discontinuity estimator},
	volume = {79},
	number = {3},
	journal = {The Review of economic studies},
	author = {Imbens, Guido and Kalyanaraman, Karthik},
	year = {2012},
	pages = {933--959}
}

@article{cattaneo_analysis_2018,
	title = {Analysis of {Regression} {Discontinuity} {Designs} with {Multiple} {Cutoffs} or {Multiple} {Scores}},
	url = {https://sites.google.com/site/rdpackages/rdmulti/Cattaneo-Titiunik-VazquezBare_2018_rdmulti.pdf},
	abstract = {We introduce the Stata (and R) package rdmulti, which includes three commands (rdmc, rdmcplot, rdms) for analyzing Regression Discontinuity (RD) designs with multiple cutoﬀs or multiple scores. The command rdmc applies to non-cummulative and cummulative multi-cutoﬀ RD settings. It calculates pooled and cutoﬀ-speciﬁc RD treatment eﬀects, and provides robust bias-corrected inference procedures. Post estimation and inference is allowed. The command rdmcplot oﬀers RD plots for multi-cutoﬀ settings. Finally, the command rdms concerns multi-score settings, covering in particular cumulative cutoﬀs and two running variables contexts. It also calculates pooled and cutoﬀ-speciﬁc RD treatment eﬀects, provides robust bias-corrected inference procedures, and allows for post-estimation estimation and inference. These commands employ the Stata (and R) package rdrobust for plotting, estimation, and inference. Companion R functions with the same syntax and capabilities are provided.},
	language = {en},
	author = {Cattaneo, Matias D and Titiunik, Rocio and Vazquez-Bare, Gonzalo},
	year = {2018},
	pages = {18}
}

@article{oliva_requalificacao_2014,
	title = {Requalificação e mercado de trabalho: impactos do {EJA} e da educação técnica e profissional},
	volume = {4},
	shorttitle = {Requalificação e mercado de trabalho},
	journal = {São Paulo School of Economics Working Paper},
	author = {Oliva, Bruno and Ponczek, Vladimir and Souza, A. and Tavares, P. A.},
	year = {2014},
	pages = {8--36}
}

@incollection{heckman_economics_1999,
	title = {The economics and econometrics of active labor market programs},
	volume = {3},
	booktitle = {Handbook of labor economics},
	publisher = {Elsevier},
	author = {Heckman, James J. and LaLonde, Robert J. and Smith, Jeffrey A.},
	year = {1999},
	pages = {1865--2097}
}

@article{ferracci_evidence_2014,
	title = {Evidence of treatment spillovers within markets},
	volume = {96},
	number = {5},
	journal = {Review of Economics and Statistics},
	author = {Ferracci, Marc and Jolivet, Grégory and van den Berg, Gerard J.},
	year = {2014},
	pages = {812--823}
}

@article{dolton_unemployment_1996,
	title = {Unemployment duration and the restart effect: some experimental evidence},
	volume = {106},
	shorttitle = {Unemployment duration and the restart effect},
	number = {435},
	journal = {The Economic Journal},
	author = {Dolton, Peter and O'Neill, Donal},
	year = {1996},
	pages = {387--400}
}

@article{card_labor_2011,
	title = {The labor market impacts of youth training in the {Dominican} {Republic}},
	volume = {29},
	number = {2},
	journal = {Journal of Labor Economics},
	author = {Card, David and Ibarrarán, Pablo and Regalia, Ferdinando and Rosas-Shady, David and Soares, Yuri},
	year = {2011},
	pages = {267--300}
}

@article{cahuc_labor_2010,
	title = {Labor market policy evaluation in equilibrium: {Some} lessons of the job search and matching model},
	volume = {17},
	shorttitle = {Labor market policy evaluation in equilibrium},
	number = {1},
	journal = {Labour Economics},
	author = {Cahuc, Pierre and Le Barbanchon, Thomas},
	year = {2010},
	pages = {196--205}
}

@inproceedings{basto_can_2016,
	title = {Can program design improve the effectiveness of worker retraining? {An} evaluation of {Brazil}'s {Pronatec}-{MDIC}},
	shorttitle = {Can program design improve the effectiveness of worker retraining?},
	booktitle = {{PET} 16-{Rio}},
	author = {Basto, João Bevilaqua T. and Dutz, Mark A. and Mation, Lucas Ferreira and O'Connell, Stephen D.},
	year = {2016}
}

@article{attanasio_subsidizing_2011,
	title = {Subsidizing vocational training for disadvantaged youth in {Colombia}: evidence from a randomized trial},
	volume = {3},
	shorttitle = {Subsidizing vocational training for disadvantaged youth in {Colombia}},
	number = {3},
	journal = {American Economic Journal: Applied Economics},
	author = {Attanasio, Orazio and Kugler, Adriana and Meghir, Costas},
	year = {2011},
	pages = {188--220}
}

@book{hanushek_handbook_2016,
	title = {Handbook of the {Economics} of {Education}},
	publisher = {Elsevier},
	author = {Hanushek, Eric A. and Machin, Stephen J. and Woessmann, Ludger},
	year = {2016}
}

@book{johnes_international_2007,
	title = {International handbook on the economics of education},
	publisher = {Edward Elgar Publishing},
	author = {Johnes, Geraint and Johnes, Jill},
	year = {2007}
}

@article{schultz_investment_1961,
	title = {Investment in human capital},
	journal = {The American economic review},
	author = {Schultz, Theodore W.},
	year = {1961},
	pages = {1--17}
}

@article{ben-porath_production_1967,
	title = {The production of human capital and the life cycle of earnings},
	volume = {75},
	number = {4, Part 1},
	journal = {Journal of political economy},
	author = {Ben-Porath, Yoram},
	year = {1967},
	pages = {352--365}
}

@article{oconnell_can_2017,
	title = {Can {Business} {Input} {Improve} the {Effectiveness} of {Worker} {Training}?},
	url = {https://openknowledge.worldbank.org/handle/10986/27961},
	journal = {WB: Policy Research Working Papers},
	author = {O'Connell, Stephen D. and Mation, Lucas Ferreira and Basto, Bevilaqua T. and Dutz, Mark A.},
	year = {2017}
}

@book{ashenfelter_handbook_2010,
	title = {Handbook of labor economics},
	publisher = {Elsevier},
	author = {Ashenfelter, Orley and Card, David},
	year = {2010}
}

@book{schmid_international_1996,
	title = {International handbook of labour market policy and evaluation},
	publisher = {Edward Elgar},
	author = {Schmid, Günther and O'Reilly, Jacqueline and Schömann, Klaus},
	year = {1996}
}

@article{arulampalam_unemployment_2000,
	title = {Unemployment persistence},
	volume = {52},
	number = {1},
	journal = {Oxford economic papers},
	author = {Arulampalam, Wiji and Booth, Alison L. and Taylor, Mark P.},
	year = {2000},
	pages = {24--50}
}

@misc{noauthor_unemployment_nodate,
	title = {unemployment - {Google} {Acadêmico}},
	url = {https://scholar.google.com.br/scholar?hl=pt-BR&as_sdt=0,5&q=unemployment},
	urldate = {2020-02-07}
}

@article{andren_income_2004,
	title = {Income effects from labor market training programs in {Sweden} during the 1980s and 1990s},
	journal = {International Journal of Manpower},
	author = {Andrén, Thomas and Gustafsson, Björn},
	year = {2004}
}

@article{andren_assessing_2006,
	title = {Assessing the employment effects of vocational training using a one-factor model},
	volume = {38},
	number = {21},
	journal = {Applied Economics},
	author = {Andrén, Thomas and Andrén, Daniela},
	year = {2006},
	pages = {2469--2486}
}

@techreport{andersson_does_2013,
	title = {Does federally-funded job training work? {Nonexperimental} estimates of {WIA} training impacts using longitudinal data on workers and firms},
	shorttitle = {Does federally-funded job training work?},
	institution = {National Bureau of Economic Research},
	author = {Andersson, Fredrik and Holzer, Harry J. and Lane, Julia I. and Rosenblum, David and Smith, Jeffrey},
	year = {2013}
}

@article{barnow_vouchers_2009,
	title = {Vouchers in {US} vocational training programs: an overview of what we have learned},
	volume = {42},
	shorttitle = {Vouchers in {US} vocational training programs},
	number = {1},
	journal = {Zeitschrift für Arbeitsmarktforschung},
	author = {Barnow, Burt S.},
	year = {2009},
	note = {Publisher: Springer},
	pages = {71--84}
}

@article{biewen_effectiveness_2014,
	title = {The effectiveness of public-sponsored training revisited: {The} importance of data and methodological choices},
	volume = {32},
	shorttitle = {The effectiveness of public-sponsored training revisited},
	number = {4},
	journal = {Journal of Labor Economics},
	author = {Biewen, Martin and Fitzenberger, Bernd and Osikominu, Aderonke and Paul, Marie},
	year = {2014},
	note = {Publisher: University of Chicago Press Chicago, IL},
	pages = {837--897}
}

@article{blasco_impact_2011,
	title = {The impact of active labour market policy on post-unemployment outcomes: evidence from a social experiment in {Denmark}},
	shorttitle = {The impact of active labour market policy on post-unemployment outcomes},
	url = {https://papers.ssrn.com/sol3/papers.cfm?abstract_id=1812476},
	journal = {IZA Discussion Paper No. 5631},
	author = {Blasco, Sylvie and Rosholm, Michael},
	year = {2011},
	note = {Publisher: IZA Discussion Paper}
}

@article{blasco_effects_2012,
	title = {The effects of on-the-job and out-of-employment training programmes on labour market histories},
	journal = {Documents de travail du Centre pour la Recherche Économique et ses Applications (Cepremap)},
	author = {Blasco, Sylvie and Crépon, Bruno and Kamionka, Thierry},
	year = {2012}
}

@article{blundell_evaluating_2004,
	title = {Evaluating the employment impact of a mandatory job search program},
	volume = {2},
	number = {4},
	journal = {Journal of the European economic association},
	author = {Blundell, Richard and Dias, Monica Costa and Meghir, Costas and Van Reenen, John},
	year = {2004},
	note = {Publisher: Oxford University Press},
	pages = {569--606}
}

@article{calmfors_does_2002,
	title = {Does active labour market policy work? {Lessons} from the {Swedish} experiences},
	shorttitle = {Does active labour market policy work?},
	author = {Calmfors, Lars and Forslund, Anders and Hemstrom, Maria},
	year = {2002},
	note = {Publisher: CESifo Working Paper Series}
}

@book{card_measuring_1986,
	title = {Measuring the {Effect} of {CETA} {Participation} on {Movements} in and out of {Employment}},
	number = {206},
	publisher = {Industrial Relations Section, Princeton University},
	author = {Card, David Edward and Sullivan, Daniel},
	year = {1986}
}

@article{couch_new_1992,
	title = {New evidence on the long-term effects of employment training programs},
	volume = {10},
	number = {4},
	journal = {Journal of Labor Economics},
	author = {Couch, Kenneth A.},
	year = {1992},
	note = {Publisher: University of Chicago Press},
	pages = {380--388}
}

@article{crepon_training_2012,
	title = {Training the unemployed in {France}: how does it affect unemployment duration and recurrence?},
	shorttitle = {Training the unemployed in {France}},
	journal = {Annals of Economics and Statistics/ANNALES D'ÉCONOMIE ET DE STATISTIQUE},
	author = {Crépon, Bruno and Ferracci, Marc and Fougère, Denis},
	year = {2012},
	note = {Publisher: JSTOR},
	pages = {175--199}
}

@article{dahlberg_direct_2005,
	title = {Direct displacement effects of labour market programmes},
	volume = {107},
	number = {3},
	journal = {Scandinavian journal of economics},
	author = {Dahlberg, Matz and Forslund, Anders},
	year = {2005},
	note = {Publisher: Wiley Online Library},
	pages = {475--494}
}

@article{davidson_displacement_1993,
	title = {The displacement effect of reemployment bonus programs},
	volume = {11},
	number = {4},
	journal = {Journal of Labor Economics},
	author = {Davidson, Carl and Woodbury, Stephen A.},
	year = {1993},
	note = {Publisher: University of Chicago Press},
	pages = {575--605}
}

@article{dolton_long-run_2002,
	title = {The long-run effects of unemployment monitoring and work-search programs: experimental evidence from the {United} {Kingdom}},
	volume = {20},
	shorttitle = {The long-run effects of unemployment monitoring and work-search programs},
	number = {2},
	journal = {Journal of Labor Economics},
	author = {Dolton, Peter and O'Neill, Donal},
	year = {2002},
	note = {Publisher: The University of Chicago Press},
	pages = {381--403}
}

@article{doerr_assignment_2014,
	title = {Assignment mechanisms, selection criteria, and the effectiveness of training programmes},
	author = {Doerr, Annabelle and Strittmatter, Anthony},
	year = {2014}
}

@article{dorsett_new_2006,
	title = {The new deal for young people: effect on the labour market status of young men},
	volume = {13},
	shorttitle = {The new deal for young people},
	number = {3},
	journal = {Labour economics},
	author = {Dorsett, Richard},
	year = {2006},
	note = {Publisher: Elsevier},
	pages = {405--422}
}

@article{fitzenberger_get_2008,
	title = {Get training or wait? {Long}-run employment effects of training programs for the unemployed in {West} {Germany}},
	shorttitle = {Get training or wait?},
	journal = {Annales d'Economie et de Statistique},
	author = {Fitzenberger, Bernd and Osikominu, Aderonke and Völter, Robert},
	year = {2008},
	note = {Publisher: JSTOR},
	pages = {321--355}
}

@article{fitzenberger_deja_2013,
	title = {Déjà {Vu}? {Short}-term training in {Germany} 1980–1992 and 2000–2003},
	volume = {44},
	shorttitle = {Déjà {Vu}?},
	number = {1},
	journal = {Empirical Economics},
	author = {Fitzenberger, Bernd and Orlanski, Olga and Osikominu, Aderonke and Paul, Marie},
	year = {2013},
	note = {Publisher: Springer},
	pages = {289--328}
}

@techreport{fitzenberger_effects_2010,
	title = {The {Effects} of {Training} {Incidence} and {Duration} on {Labor} {Market} {Transitions}},
	institution = {Working Paper},
	author = {Fitzenberger, Bernd and Osikominu, Aderonke and Paul, Marie},
	year = {2010}
}

@article{fitzenberger_long-run_2007,
	title = {Long-run effects of training programs for the unemployed in {East} {Germany}},
	volume = {14},
	number = {4},
	journal = {Labour Economics},
	author = {Fitzenberger, Bernd and Völter, Robert},
	year = {2007},
	note = {Publisher: Elsevier},
	pages = {730--755}
}

@article{fraker_adequacy_1987,
	title = {The adequacy of comparison group designs for evaluations of employment-related programs},
	journal = {Journal of Human Resources},
	author = {Fraker, Thomas and Maynard, Rebecca},
	year = {1987},
	note = {Publisher: JSTOR},
	pages = {194--227}
}

@article{fredriksson_dynamic_2008,
	title = {Dynamic treatment assignment: the consequences for evaluations using observational data},
	volume = {26},
	shorttitle = {Dynamic treatment assignment},
	number = {4},
	journal = {Journal of Business \& Economic Statistics},
	author = {Fredriksson, Peter and Johansson, Per},
	year = {2008},
	note = {Publisher: Taylor \& Francis},
	pages = {435--445}
}

@article{heckman_determinants_2004,
	title = {The determinants of participation in a social program: {Evidence} from a prototypical job training program},
	volume = {22},
	shorttitle = {The determinants of participation in a social program},
	number = {2},
	journal = {Journal of Labor Economics},
	author = {Heckman, James J. and Smith, Jeffrey A.},
	year = {2004},
	note = {Publisher: The University of Chicago Press},
	pages = {243--298}
}

@article{heckman_matching_1997,
	title = {Matching as an econometric evaluation estimator: {Evidence} from evaluating a job training programme},
	volume = {64},
	shorttitle = {Matching as an econometric evaluation estimator},
	number = {4},
	journal = {The review of economic studies},
	author = {Heckman, James J. and Ichimura, Hidehiko and Todd, Petra E.},
	year = {1997},
	note = {Publisher: Wiley-Blackwell},
	pages = {605--654}
}

@article{hipp_market_2008,
	title = {Market forces for the unemployed? {Training} vouchers in {Germany} and the {USA}},
	volume = {42},
	shorttitle = {Market forces for the unemployed?},
	number = {1},
	journal = {Social Policy \& Administration},
	author = {Hipp, Lena and Warner, Mildred E.},
	year = {2008},
	note = {Publisher: Wiley Online Library},
	pages = {77--101}
}

@article{jespersen_costs_2008,
	title = {Costs and benefits of {Danish} active labour market programmes},
	volume = {15},
	number = {5},
	journal = {Labour economics},
	author = {Jespersen, Svend T. and Munch, Jakob R. and Skipper, Lars},
	year = {2008},
	note = {Publisher: Elsevier},
	pages = {859--884}
}

@article{kluve_evaluating_2012,
	title = {Evaluating continuous training programmes by using the generalized propensity score},
	volume = {175},
	number = {2},
	journal = {Journal of the Royal Statistical Society: Series A (Statistics in Society)},
	author = {Kluve, Jochen and Schneider, Hilmar and Uhlendorff, Arne and Zhao, Zhong},
	year = {2012},
	note = {Publisher: Wiley Online Library},
	pages = {587--617}
}

@article{lechner_sequential_2009,
	title = {Sequential causal models for the evaluation of labor market programs},
	volume = {27},
	number = {1},
	journal = {Journal of Business \& Economic Statistics},
	author = {Lechner, Michael},
	year = {2009},
	note = {Publisher: Taylor \& Francis},
	pages = {71--83}
}

@article{lechner_curse_2007,
	title = {The curse and blessing of training the unemployed in a changing economy: {The} case of {East} {Germany} after unification},
	volume = {8},
	shorttitle = {The curse and blessing of training the unemployed in a changing economy},
	number = {4},
	journal = {German Economic Review},
	author = {Lechner, Michael and Miquel, Ruth and Wunsch, Conny},
	year = {2007},
	note = {Publisher: De Gruyter},
	pages = {468--509}
}

@article{lechner_long-run_2011,
	title = {Long-run effects of public sector sponsored training in {West} {Germany}},
	volume = {9},
	number = {4},
	journal = {Journal of the European Economic Association},
	author = {Lechner, Michael and Miquel, Ruth and Wunsch, Conny},
	year = {2011},
	note = {Publisher: Oxford University Press},
	pages = {742--784}
}

@article{robins_does_1997,
	title = {Does training for the disadvantaged work? {Evidence} from the {National} {JTPA} {Study}},
	volume = {35},
	shorttitle = {Does training for the disadvantaged work?},
	number = {2},
	journal = {Journal of Economic Literature},
	author = {Robins, Philip K.},
	year = {1997},
	note = {Publisher: American Economic Association},
	pages = {806}
}

@incollection{plesca_evaluating_2008,
	title = {Evaluating multi-treatment programs: theory and evidence from the {US} {Job} {Training} {Partnership} {Act} experiment},
	shorttitle = {Evaluating multi-treatment programs},
	booktitle = {The economics of education and training},
	publisher = {Springer},
	author = {Plesca, Miana and Smith, Jeffrey},
	year = {2008},
	pages = {293--330}
}

@article{regner_nonexperimental_2002,
	title = {A nonexperimental evaluation of training programs for the unemployed in {Sweden}},
	volume = {9},
	number = {2},
	journal = {Labour Economics},
	author = {Regnér, H{\textbackslash}aakan},
	year = {2002},
	note = {Publisher: Elsevier},
	pages = {187--206}
}

@article{richardson_effect_2002,
	title = {The effect of vocational employment training on the individual transition rate from unemployment to work},
	number = {2002},
	journal = {IFAU-Institute for Labour Market Policy Evaluation, Working Paper},
	author = {Richardson, Katarina and Van den Berg, Gerard J.},
	year = {2002},
	pages = {8}
}

@article{rosholm_experimental_2008,
	title = {Experimental evidence on the nature of the {Danish} employment miracle},
	url = {https://papers.ssrn.com/sol3/papers.cfm?abstract_id=1198690},
	number = {Discussion Paper},
	author = {Rosholm, Michael},
	year = {2008},
	note = {Publisher: IZA Discussion Paper}
}

@article{rosholm_is_2009,
	title = {Is labour market training a curse for the unemployed? {Evidence} from a social experiment},
	volume = {24},
	shorttitle = {Is labour market training a curse for the unemployed?},
	number = {2},
	journal = {Journal of Applied Econometrics},
	author = {Rosholm, Michael and Skipper, Lars},
	year = {2009},
	note = {Publisher: Wiley Online Library},
	pages = {338--365}
}

@article{schwerdt_impact_2012,
	title = {The impact of an adult education voucher program: {Evidence} from a randomized field experiment},
	volume = {96},
	shorttitle = {The impact of an adult education voucher program},
	number = {7-8},
	journal = {Journal of Public Economics},
	author = {Schwerdt, Guido and Messer, Dolores and Woessmann, Ludger and Wolter, Stefan C.},
	year = {2012},
	note = {Publisher: Elsevier},
	pages = {569--583}
}

@article{stenberg_comprehensive_2005,
	title = {Comprehensive {Education} for the {Unemployed}—{Evaluating} the {Effects} on {Unemployment} of the {Adult} {Education} {Initiative} in {Sweden}},
	volume = {19},
	number = {1},
	journal = {Labour},
	author = {Stenberg, Anders},
	year = {2005},
	note = {Publisher: Wiley Online Library},
	pages = {123--146}
}

@article{vikstrom_relative_2011,
	title = {The relative efficiency of active labour market policies: {Evidence} from a social experiment and non-parametric methods},
	shorttitle = {The relative efficiency of active labour market policies},
	author = {Vikström, Johan and Rosholm, Michael and Svarer, Michael},
	year = {2011},
	note = {Publisher: IZA Discussion Paper}
}

@article{greenberg_meta-analysis_2003,
	title = {A meta-analysis of government-sponsored training programs},
	volume = {57},
	number = {1},
	journal = {ILR Review},
	author = {Greenberg, David H. and Michalopoulos, Charles and Robins, Philip K.},
	year = {2003},
	note = {Publisher: SAGE Publications Sage CA: Los Angeles, CA},
	pages = {31--53}
}

@article{kluve_effectiveness_2010,
	title = {The effectiveness of {European} active labor market programs},
	volume = {17},
	number = {6},
	journal = {Labour economics},
	author = {Kluve, Jochen},
	year = {2010},
	note = {Publisher: Elsevier},
	pages = {904--918}
}

@article{card_what_2018,
	title = {What works? {A} meta analysis of recent active labor market program evaluations},
	volume = {16},
	shorttitle = {What works?},
	number = {3},
	journal = {Journal of the European Economic Association},
	author = {Card, David and Kluve, Jochen and Weber, Andrea},
	year = {2018},
	pages = {894--931}
}

@article{crepon_active_2016,
	title = {Active labor market policies},
	volume = {8},
	journal = {Annual Review of Economics},
	author = {Crépon, Bruno and Van Den Berg, Gerard J.},
	year = {2016},
	note = {Publisher: Annual Reviews},
	pages = {521--546}
}

@article{barnow_thirty_1993,
	title = {Thirty years of changing federal, state, and local relationships in employment and training programs},
	volume = {23},
	number = {3},
	journal = {Publius: The Journal of Federalism},
	author = {Barnow, Burt S.},
	year = {1993},
	pages = {75--94}
}

@article{vooren_effectiveness_2019,
	title = {The effectiveness of active labor market policies: a meta-analysis},
	volume = {33},
	shorttitle = {The effectiveness of active labor market policies},
	number = {1},
	journal = {Journal of Economic Surveys},
	author = {Vooren, Melvin and Haelermans, Carla and Groot, Wim and Maassen van den Brink, Henriëtte},
	year = {2019},
	pages = {125--149}
}

@article{brown_active_2015,
	title = {Active labor market programs-employment gain or fiscal drain?},
	volume = {4},
	number = {1},
	journal = {IZA Journal of Labor Economics},
	author = {Brown, Alessio JG and Koettl, Johannes},
	year = {2015},
	note = {Publisher: Springer},
	pages = {12}
}

@incollection{mccall_government-sponsored_2016,
	title = {Government-sponsored vocational education for adults},
	volume = {5},
	booktitle = {Handbook of the {Economics} of {Education}},
	publisher = {Elsevier},
	author = {McCall, Brian and Smith, Jeffrey and Wunsch, Conny},
	year = {2016},
	pages = {479--652}
}

@article{ibarraran_evaluating_2009,
	title = {Evaluating the impact of job training programmes in {Latin} {America}: evidence from {IDB} funded operations},
	volume = {1},
	shorttitle = {Evaluating the impact of job training programmes in {Latin} {America}},
	number = {2},
	journal = {Journal of Development Effectiveness},
	author = {Ibarrarán, Pablo and Rosas Shady, David},
	year = {2009},
	note = {Publisher: Taylor \& Francis},
	pages = {195--216}
}

@misc{senado_avaliacao_2017,
	title = {Avaliação de políticas públicas: programa nacional de acesso ao ensino técnico e emprego ({PRONATEC})},
	url = {https://legis.senado.leg.br/sdleg-getter/documento?dm=7319702&disposition=inline},
	publisher = {Relatório nº 6 , de 2017},
	author = {Senado},
	year = {2017}
}

@techreport{quintana_demand-driven_2019,
	title = {Demand-driven training and job turnover: {The} effects of {Brazil}'s {Pronate}-{MDIC} at firm and worker level},
	shorttitle = {Demand-driven training and job turnover},
	url = {https://www.econstor.eu/handle/10419/208180},
	institution = {IDB Working Paper Series},
	author = {Quintana, Rodrigo E. and Cravo, Tulio},
	year = {2019}
}

@book{ho_package_2018,
	title = {Package ‘{MatchIt}’},
	publisher = {Version},
	author = {Ho, Daniel and Imai, Kosuke and King, Gary and Stuart, Elizabeth and Whitworth, Alex},
	year = {2018}
}

@book{train_discrete_2009,
	title = {Discrete choice methods with simulation},
	publisher = {Cambridge university press},
	author = {Train, Kenneth E.},
	year = {2009}
}

@article{lazer_science_2018,
	title = {The science of fake news},
	volume = {359},
	number = {6380},
	journal = {Science},
	author = {Lazer, David MJ and Baum, Matthew A. and Benkler, Yochai and Berinsky, Adam J. and Greenhill, Kelly M. and Menczer, Filippo and Metzger, Miriam J. and Nyhan, Brendan and Pennycook, Gordon and Rothschild, David},
	year = {2018},
	pages = {1094--1096}
}

@article{gorg_government_2006,
	title = {Do government subsidies stimulate training expenditure? {Microeconometric} evidence from plant-level data},
	shorttitle = {Do government subsidies stimulate training expenditure?},
	journal = {Southern Economic Journal},
	author = {Görg, Holger and Strobl, Eric},
	year = {2006},
	pages = {860--876}
}

@article{acemoglu_beyond_1999,
	title = {Beyond {Becker}: {Training} in imperfect labour markets},
	volume = {109},
	shorttitle = {Beyond {Becker}},
	number = {453},
	journal = {The economic journal},
	author = {Acemoglu, Daron and Pischke, Jorn-Steffen},
	year = {1999},
	pages = {112--142}
}

@misc{tcu_relatorio_2015,
	title = {Relatório: auditoria operacional. {Bolsa} formação. {Programa} {Nacional} de {Acesso} ao {Ensino} {Técnico} e {Emprego} - {Pronatec}. {Avaliação} da impantação e da efetividade. {Recomendações}. {Determinações}.},
	author = {TCU},
	year = {2015}
}

@misc{tcu_relatorio_2015-1,
	title = {Relatório: levantamento. {Programa} {Nacional} de {Acesso} ao {Ensino} {Técnico} e {Emprego} – {PRONATEC}. {Determinação} à {SEGECEX}. {Arquivamento}.},
	author = {TCU},
	year = {2015}
}

@article{neto_desigualdades_2009,
	title = {Desigualdades e políticas regionais no {Brasil}: caminhos e descaminhos},
	shorttitle = {Desigualdades e políticas regionais no {Brasil}},
	number = {15},
	journal = {Planejamento e políticas públicas},
	author = {Neto, Leonardo Guimarães},
	year = {2009}
}

@misc{noauthor_del1881_nodate,
	title = {Del1881},
	url = {http://www.planalto.gov.br/ccivil_03/Decreto-Lei/1965-1988/Del1881.htm},
	urldate = {2020-07-25}
}

@article{mccrary_manipulation_2008,
	title = {Manipulation of the running variable in the regression discontinuity design: {A} density test},
	volume = {142},
	shorttitle = {Manipulation of the running variable in the regression discontinuity design},
	number = {2},
	journal = {Journal of econometrics},
	author = {McCrary, Justin},
	year = {2008},
	pages = {698--714}
}

@article{andrews_what_2014,
	title = {What will {5G} be?},
	volume = {32},
	number = {6},
	journal = {IEEE Journal on selected areas in communications},
	author = {Andrews, Jeffrey G. and Buzzi, Stefano and Choi, Wan and Hanly, Stephen V. and Lozano, Angel and Soong, Anthony CK and Zhang, Jianzhong Charlie},
	year = {2014},
	pages = {1065--1082}
}

@article{maddux_world_1997,
	title = {The {World} {Wide} {Web}: {History}, cultural context, and a manual for developers of educational information-based {Web} sites},
	volume = {37},
	shorttitle = {The {World} {Wide} {Web}},
	number = {5},
	journal = {Educational Technology},
	author = {Maddux, Cleborne D. and Johnson, D. LaMont},
	year = {1997},
	pages = {5--12}
}

@article{graber_newmedia_1996,
	title = {The'new'media and politics: {What} does the future hold?},
	volume = {29},
	shorttitle = {The'new'media and politics},
	number = {1},
	journal = {PS: Political Science and Politics},
	author = {Graber, Doris A.},
	year = {1996},
	pages = {33--36}
}

@techreport{monasterio_o_2013,
	title = {O {FPM} ea estranha distribuição da população dos pequenos municípios brasileiros},
	institution = {Texto para Discussão},
	author = {Monasterio, Leonardo},
	year = {2013}
}

@book{bimber_information_2003,
	title = {Information and {American} democracy: {Technology} in the evolution of political power},
	shorttitle = {Information and {American} democracy},
	publisher = {Cambridge University Press},
	author = {Bimber, Bruce},
	year = {2003}
}

@article{ali_why_2013,
	title = {Why people vote: {Ethical} motives and social incentives},
	volume = {5},
	shorttitle = {Why people vote},
	number = {2},
	journal = {American economic Journal: microeconomics},
	author = {Ali, S. Nageeb and Lin, Charles},
	year = {2013},
	pages = {73--98}
}

@article{ranzani_migracao_2019,
	title = {A {Migração} da {Comunicação} {Política} para o {Ambiente} {Digital}: {Twitter} de {Jair} {Bolsonaro} no {Segundo} {Turno} das {Eleições} {Presidenciais} de 2018},
	volume = {9},
	shorttitle = {A {Migração} da {Comunicação} {Política} para o {Ambiente} {Digital}},
	number = {9},
	journal = {Revista Multiplicidade},
	author = {Ranzani, Luiz Henrique and Caram, Nirave Reigota},
	year = {2019}
}

@article{fornos_explaining_2004,
	title = {Explaining voter turnout in {Latin} {America}, 1980 to 2000},
	volume = {37},
	number = {8},
	journal = {Comparative political studies},
	author = {Fornos, Carolina A. and Power, Timothy J. and Garand, James C.},
	year = {2004},
	note = {Publisher: Sage Publications Sage CA: Thousand Oaks, CA},
	pages = {909--940}
}

@article{boulding_political_2015,
	title = {Do political parties matter for turnout? {Number} of parties, electoral rules and local elections in {Brazil} and {Bolivia}},
	volume = {21},
	shorttitle = {Do political parties matter for turnout?},
	number = {3},
	journal = {Party Politics},
	author = {Boulding, Carew and Brown, David S.},
	year = {2015},
	pages = {404--416}
}

@article{souza_federalismo_2005,
	title = {Federalismo, desenho contitucional e instituições federativas no {Brasil} pós-1988},
	number = {24},
	journal = {Revista de sociologia e política},
	author = {Souza, Celina},
	year = {2005},
	pages = {105--121}
}

@article{borges_presidential_2016,
	title = {Presidential coattails and electoral coordination in multilevel elections: {Comparative} lessons from {Brazil}},
	volume = {43},
	shorttitle = {Presidential coattails and electoral coordination in multilevel elections},
	journal = {Electoral Studies},
	author = {Borges, André and Lloyd, Ryan},
	year = {2016},
	pages = {104--114}
}

@article{cancela_explaining_2016,
	title = {Explaining voter turnout: {A} meta-analysis of national and subnational elections},
	volume = {42},
	shorttitle = {Explaining voter turnout},
	journal = {Electoral Studies},
	author = {Cancela, João and Geys, Benny},
	year = {2016},
	pages = {264--275}
}

@article{cattaneo_simple_2019,
	title = {Simple local polynomial density estimators},
	journal = {Journal of the American Statistical Association},
	author = {Cattaneo, Matias D. and Jansson, Michael and Ma, Xinwei},
	year = {2019},
	note = {Publisher: Taylor \& Francis},
	pages = {1--7}
}

@article{calonico_effect_2018,
	title = {On the effect of bias estimation on coverage accuracy in nonparametric inference},
	volume = {113},
	number = {522},
	journal = {Journal of the American Statistical Association},
	author = {Calonico, Sebastian and Cattaneo, Matias D. and Farrell, Max H.},
	year = {2018},
	pages = {767--779}
}

@article{calonico_rdrobust_2017,
	title = {rdrobust: {Software} for regression-discontinuity designs},
	volume = {17},
	shorttitle = {rdrobust},
	number = {2},
	journal = {The Stata Journal},
	author = {Calonico, Sebastian and Cattaneo, Matias D. and Farrell, Max H. and Titiunik, Rocio},
	year = {2017},
	pages = {372--404}
}

@article{cattaneo_interpreting_2016,
	title = {Interpreting regression discontinuity designs with multiple cutoffs},
	volume = {78},
	number = {4},
	journal = {The Journal of Politics},
	author = {Cattaneo, Matias D. and Titiunik, Rocío and Vazquez-Bare, Gonzalo and Keele, Luke},
	year = {2016},
	pages = {1229--1248}
}

@article{calonico_robust_2014,
	title = {Robust nonparametric confidence intervals for regression-discontinuity designs},
	volume = {82},
	number = {6},
	journal = {Econometrica},
	author = {Calonico, Sebastian and Cattaneo, Matias D. and Titiunik, Rocio},
	year = {2014},
	note = {Publisher: Wiley Online Library},
	pages = {2295--2326}
}

@article{gelman_why_2019,
	title = {Why high-order polynomials should not be used in regression discontinuity designs},
	volume = {37},
	number = {3},
	journal = {Journal of Business \& Economic Statistics},
	author = {Gelman, Andrew and Imbens, Guido},
	year = {2019},
	pages = {447--456}
}

@article{attanasio_vocational_2017,
	title = {Vocational training for disadvantaged youth in colombia: {A} long-term follow-up},
	volume = {9},
	shorttitle = {Vocational training for disadvantaged youth in colombia},
	number = {2},
	journal = {American Economic Journal: Applied Economics},
	author = {Attanasio, Orazio and Guarín, Arlen and Medina, Carlos and Meghir, Costas},
	year = {2017},
	pages = {131--43}
}

@article{kotamraju_using_2012,
	title = {Using {Return} on {Investment} ({ROI}) and {Other} {Related} {Tools}: {Guidelines} for {Measuring} {Career} and {Technical} {Education} ({CTE}) {Internal} {Efficiency} and {External} {Effectiveness}.},
	shorttitle = {Using {Return} on {Investment} ({ROI}) and {Other} {Related} {Tools}},
	journal = {National Research Center for Career and Technical Education},
	author = {Kotamraju, Pradeep and Mettille III, John L.},
	year = {2012}
}

@article{horowitz_returns_1999,
	title = {Returns to general, technical and vocational education in developing countries: recent evidence from {Suriname}},
	volume = {7},
	shorttitle = {Returns to general, technical and vocational education in developing countries},
	number = {1},
	journal = {Education Economics},
	author = {Horowitz, Andrew W. and Schenzler, Christoph},
	year = {1999},
	pages = {5--20}
}

@article{carruthers_way_2018,
	title = {Way station or launching pad? {Unpacking} the returns to adult technical education},
	volume = {165},
	shorttitle = {Way station or launching pad?},
	journal = {Journal of Public Economics},
	author = {Carruthers, Celeste K. and Sanford, Thomas},
	year = {2018},
	pages = {146--159}
}

@article{sakellariou_rates_2003,
	title = {Rates of return to investments in formal and technical/vocational education in {Singapore}},
	volume = {11},
	number = {1},
	journal = {Education Economics},
	author = {Sakellariou, Chris},
	year = {2003},
	pages = {73--87}
}

@article{rojewski_preparing_2002,
	title = {Preparing the workforce of tomorrow: {A} conceptual framework for career and technical education},
	volume = {27},
	shorttitle = {Preparing the workforce of tomorrow},
	number = {1},
	journal = {Journal of Vocational Education Research},
	author = {Rojewski, Jay},
	year = {2002},
	pages = {7--35}
}

@article{dougherty_effect_2018,
	title = {The effect of career and technical education on human capital accumulation: {Causal} evidence from {Massachusetts}},
	volume = {13},
	shorttitle = {The effect of career and technical education on human capital accumulation},
	number = {2},
	journal = {Education Finance and Policy},
	author = {Dougherty, Shaun M.},
	year = {2018},
	pages = {119--148}
}

@article{corseuil_apprenticeship_2019,
	title = {Apprenticeship as a stepping stone to better jobs: {Evidence} from {Brazilian} matched employer-employee data},
	volume = {57},
	shorttitle = {Apprenticeship as a stepping stone to better jobs},
	journal = {Labour Economics},
	author = {Corseuil, Carlos Henrique and Foguel, Miguel N. and Gonzaga, Gustavo},
	year = {2019},
	note = {Publisher: Elsevier},
	pages = {177--194}
}

@article{meer_evidence_2007,
	title = {Evidence on the returns to secondary vocational education},
	volume = {26},
	number = {5},
	journal = {Economics of education review},
	author = {Meer, Jonathan},
	year = {2007},
	note = {Publisher: Elsevier},
	pages = {559--573}
}

@article{bennell_general_1996,
	title = {General versus vocational secondary education in developing countries: a review of the rates of return evidence},
	volume = {33},
	shorttitle = {General versus vocational secondary education in developing countries},
	number = {2},
	journal = {The Journal of Development Studies},
	author = {Bennell, Paul},
	year = {1996},
	note = {Publisher: Taylor \& Francis},
	pages = {230--247}
}

@article{fersterer_returns_2008,
	title = {Returns to apprenticeship training in {Austria}: {Evidence} from failed firms},
	volume = {110},
	shorttitle = {Returns to apprenticeship training in {Austria}},
	number = {4},
	journal = {Scandinavian journal of economics},
	author = {Fersterer, Josef and Pischke, Jörn-Steffen and Winter-Ebmer, Rudolf},
	year = {2008},
	note = {Publisher: Wiley Online Library},
	pages = {733--753}
}

@article{krafft_is_2018,
	title = {Is school the best route to skills? {Returns} to vocational school and vocational skills in {Egypt}},
	volume = {54},
	shorttitle = {Is school the best route to skills?},
	number = {7},
	journal = {The Journal of Development Studies},
	author = {Krafft, Caroline},
	year = {2018},
	note = {Publisher: Taylor \& Francis},
	pages = {1100--1120}
}

@article{neri_motivos_2015,
	title = {Motivos da evasão escolar},
	url = {https://www.cps.fgv.br/ibrecps/rede/finais/Etapa3-Pesq_MotivacoesEscolares_sumario_principal_anexo-Andre_FIM.pdf},
	journal = {Pesquisa Todos pela educação},
	author = {Neri, Marcelo},
	year = {2015}
}

@article{leon_reprovacao_2002,
	title = {Reprovação, avanço e evasão escolar no {Brasil}},
	url = {http://repositorio.ipea.gov.br/handle/11058/4286},
	journal = {Pesquisa e Planejamento Econômico (PPE) - Artigos},
	author = {Leon, Fernanda Leite Lopez de and Menezes-Filho, Naércio Aquino},
	year = {2002},
	note = {Publisher: Instituto de Pesquisa Econômica Aplicada (Ipea)}
}

@article{brunello_training_2012,
	title = {Training subsidies and the wage returns to continuing vocational training: {Evidence} from {Italian} regions},
	volume = {19},
	shorttitle = {Training subsidies and the wage returns to continuing vocational training},
	number = {3},
	journal = {Labour Economics},
	author = {Brunello, Giorgio and Comi, Simona Lorena and Sonedda, Daniela},
	year = {2012},
	note = {Publisher: Elsevier},
	pages = {361--372}
}

@incollection{spence_job_1978,
	title = {Job market signaling},
	booktitle = {Uncertainty in economics},
	publisher = {Elsevier},
	author = {Spence, Michael},
	year = {1978},
	pages = {281--306}
}

@article{biavaschi_youth_2012,
	title = {Youth unemployment and vocational training},
	author = {Biavaschi, Costanza and Eichhorst, Werner and Giulietti, Corrado and Kendzia, Michael Jan and Muravyev, Alexander and Pieters, Janneke and Rodríguez-Planas, Núria and Schmidl, Ricarda and Zimmermann, Klaus F.},
	year = {2012},
	note = {Publisher: IZA Discussion Paper}
}

@article{kahyarara_returns_2008,
	title = {The returns to vocational training and academic education: {Evidence} from {Tanzania}},
	volume = {36},
	shorttitle = {The returns to vocational training and academic education},
	number = {11},
	journal = {World Development},
	author = {Kahyarara, Godius and Teal, Francis},
	year = {2008},
	note = {Publisher: Elsevier},
	pages = {2223--2242}
}

@article{stevens_career_2019,
	title = {Career {Technical} {Education} and {Labor} {Market} {Outcomes} {Evidence} from {California} {Community} {Colleges}},
	volume = {54},
	number = {4},
	journal = {Journal of Human Resources},
	author = {Stevens, Ann Huff and Kurlaender, Michal and Grosz, Michel},
	year = {2019},
	note = {Publisher: University of Wisconsin Press},
	pages = {986--1036}
}

@article{travassos_os_2008,
	title = {Os suplementos saúde na {Pesquisa} {Nacional} por {Amostra} de {Domicílios} ({PNAD}) no {Brasil}},
	volume = {11},
	journal = {Revista Brasileira de Epidemiologia},
	author = {Travassos, Claudia and Viacava, Francisco and Laguardia, Josué},
	year = {2008},
	pages = {98--112}
}

@article{pinto_o_2015,
	title = {O {Fundeb} na perspectiva do custo aluno qualidade},
	volume = {28},
	number = {93},
	journal = {Em Aberto},
	author = {Pinto, José Marcelino},
	year = {2015},
	file = {Full Text:C\:\\Users\\thiga\\Zotero\\storage\\Z9C94D3J\\Pinto - 2015 - O Fundeb na perspectiva do custo aluno qualidade.pdf:application/pdf}
}

@article{araujo_quanto_2016,
	title = {Quanto custa o {Plano} {Nacional} de {Educação}?: uma estimativa orientada pelo {Custo} {Aluno} {Qualidade} ({CAQ})},
	shorttitle = {Quanto custa o {Plano} {Nacional} de {Educação}?},
	url = {https://www.ipea.gov.br/portal/index.php?option=com_content&view=article&id=28785},
	author = {Araújo, Herton Ellery and Bassi, Camillo de Moraes and Codes, Ana Luiza Machado de and Meira, Ana Paula Barbosa},
	year = {2016},
	file = {Full Text:C\:\\Users\\thiga\\Zotero\\storage\\BUEH755J\\Araújo et al. - 2016 - Quanto custa o Plano Nacional de Educação uma es.pdf:application/pdf;Snapshot:C\:\\Users\\thiga\\Zotero\\storage\\WJB3JEGQ\\Araújo et al. - 2016 - Quanto custa o Plano Nacional de Educação uma es.html:text/html}
}

@article{budig_wage_2001,
	title = {The wage penalty for motherhood},
	journal = {American sociological review},
	author = {Budig, Michelle J. and England, Paula},
	year = {2001},
	pages = {204--225}
}

@article{newell_gender_1996,
	title = {The gender wage gap in {Russia}: {Some} empirical evidence},
	volume = {3},
	shorttitle = {The gender wage gap in {Russia}},
	number = {3},
	journal = {Labour Economics},
	author = {Newell, Andrew and Reilly, Barry},
	year = {1996},
	pages = {337--356}
}

@article{blau_gender_2017,
	title = {The gender wage gap: {Extent}, trends, and explanations},
	volume = {55},
	shorttitle = {The gender wage gap},
	number = {3},
	journal = {Journal of economic literature},
	author = {Blau, Francine D. and Kahn, Lawrence M.},
	year = {2017},
	pages = {789--865}
}

@article{kunze_evolution_2005,
	title = {The evolution of the gender wage gap},
	volume = {12},
	number = {1},
	journal = {Labour Economics},
	author = {Kunze, Astrid},
	year = {2005},
	pages = {73--97}
}

@article{weichselbaumer_meta-analysis_2005,
	title = {A meta-analysis of the international gender wage gap},
	volume = {19},
	number = {3},
	journal = {Journal of Economic Surveys},
	author = {Weichselbaumer, Doris and Winter-Ebmer, Rudolf},
	year = {2005},
	pages = {479--511}
}

@article{frank_why_1978,
	title = {Why women earn less: the theory and estimation of differential overqualification},
	volume = {68},
	shorttitle = {Why women earn less},
	number = {3},
	journal = {The American Economic Review},
	author = {Frank, Robert H.},
	year = {1978},
	pages = {360--373}
}

@article{garcia_how_2001,
	title = {How wide is the gap? {An} investigation of gender wage differences using quantile regression},
	volume = {26},
	shorttitle = {How wide is the gap?},
	number = {1},
	journal = {Empirical economics},
	author = {Garcia, Jaume and Hernández, Pedro J. and Lopez-Nicolas, Angel},
	year = {2001},
	pages = {149--167}
}

@book{oostendorp_globalization_2004,
	title = {Globalization and the gender wage gap},
	publisher = {The World Bank},
	author = {Oostendorp, Remco},
	year = {2004},
	file = {Full Text:C\:\\Users\\thiga\\Zotero\\storage\\KIDQBA69\\Oostendorp - 2004 - Globalization and the gender wage gap.pdf:application/pdf;Snapshot:C\:\\Users\\thiga\\Zotero\\storage\\GQ5E5XQJ\\Oostendorp - 2004 - Globalization and the gender wage gap.html:text/html}
}

@article{giuberti_discriminacao_2005,
	title = {Discriminação de rendimentos por gênero: uma comparação entre o {Brasil} e os {Estados} {Unidos}},
	volume = {9},
	shorttitle = {Discriminação de rendimentos por gênero},
	number = {3},
	journal = {Economia Aplicada},
	author = {Giuberti, Ana Carolina and Menezes-Filho, Naércio},
	year = {2005},
	pages = {369--384}
}

@article{jarrell_declining_2004,
	title = {Declining bias and gender wage discrimination? {A} meta-regression analysis},
	volume = {39},
	shorttitle = {Declining bias and gender wage discrimination?},
	number = {3},
	journal = {Journal of Human Resources},
	author = {Jarrell, Stephen B. and Stanley, Tom D.},
	year = {2004},
	pages = {828--838},
	file = {Snapshot:C\:\\Users\\thiga\\Zotero\\storage\\IMRPKWM4\\Jarrell and Stanley - 2004 - Declining bias and gender wage discrimination A m.html:text/html}
}

@article{hlavac_oaxaca_2014,
	title = {oaxaca: {Blinder}-{Oaxaca} decomposition in {R}},
	shorttitle = {oaxaca},
	journal = {Available at SSRN 2528391},
	author = {Hlavac, Marek},
	year = {2014}
}

@article{goncalves_o_2015,
	title = {O trabalho feminino no {Distrito} {Federal}: determinantes da participação no mercado e do salário das mulheres},
	volume = {1},
	issn = {2446-7502},
	url = {http://www.codeplan.df.gov.br/wp-content/uploads/2018/02/TD_1_Trabalho_Feminino_no_DF.pdf},
	number = {Texto para Discussão},
	author = {Gonçalves, Flávio de Oliveira and Zgiet, Jamila and Andrade, Shirley de Fátima R. de and Rosa, Thiago Mendes},
	year = {2015}
}

@article{de_oliveira_cruz_oferta_2016,
	title = {Oferta de mão de obra no {Distrito} {Federal}: determinantes da participação na força de trabalho e efeitos da recessão econômica},
	volume = {Texto para Discussão},
	issn = {2446-7502},
	shorttitle = {Oferta da mão de obra no {Distrito} {Federal}},
	url = {http://www.codeplan.df.gov.br/wp-content/uploads/2018/02/TD_16_Oferta_de_m%C3%A3o_de_obra_no_-Distrito_Federal-Determinantes_da_-participa%C3%A7%C3%A3o_na_for%C3%A7a_de_trabalho.pdf},
	number = {16},
	author = {de Oliveira Cruz, Bruno and Nocko, Larissa Maria and da Costa Silva, Alisson Carlos and Guimarães, Pedro Meirelles Nemrod},
	year = {2016}
}

@book{bowen_economics_2015,
	title = {The economics of labor force participation},
	volume = {2054},
	publisher = {Princeton University Press},
	author = {Bowen, William G. and Finegan, T. Aldrich},
	year = {2015}
}

@article{knodel_closing_1997,
	title = {The closing of the gender gap in schooling: {The} case of {Thailand}},
	volume = {33},
	shorttitle = {The closing of the gender gap in schooling},
	number = {1},
	journal = {Comparative education},
	author = {Knodel, John},
	year = {1997},
	pages = {61--86},
	file = {Snapshot:C\:\\Users\\thiga\\Zotero\\storage\\UPWQTS5T\\Knodel - 1997 - The closing of the gender gap in schooling The ca.html:text/html}
}

@article{shabaya_unequal_2004,
	title = {Unequal access, unequal participation: some spatial and socio-economic dimensions of the gender gap in education in {Africa} with special reference to {Ghana}, {Zimbabwe} and {Kenya}},
	volume = {34},
	shorttitle = {Unequal access, unequal participation},
	number = {4},
	journal = {Compare: A Journal of Comparative and International Education},
	author = {Shabaya*, Judith and Konadu-Agyemang, Kwadwo},
	year = {2004},
	pages = {395--424},
	file = {Snapshot:C\:\\Users\\thiga\\Zotero\\storage\\SFSAG5S8\\Shabaya and Konadu-Agyemang - 2004 - Unequal access, unequal participation some spatia.html:text/html}
}

@book{baltagi_econometric_2008,
	title = {Econometric analysis of panel data},
	publisher = {John Wiley \& Sons},
	author = {Baltagi, Badi},
	year = {2008},
	file = {Snapshot:C\:\\Users\\thiga\\Zotero\\storage\\QS9FWR8K\\Baltagi - 2008 - Econometric analysis of panel data.html:text/html}
}

@article{bell_fixed_2019,
	title = {Fixed and random effects models: making an informed choice},
	volume = {53},
	shorttitle = {Fixed and random effects models},
	number = {2},
	journal = {Quality \& Quantity},
	author = {Bell, Andrew and Fairbrother, Malcolm and Jones, Kelvyn},
	year = {2019},
	pages = {1051--1074},
	file = {Full Text:C\:\\Users\\thiga\\Zotero\\storage\\IURTFA9B\\Bell et al. - 2019 - Fixed and random effects models making an informe.html:text/html}
}

@article{croissant_panel_2008,
	title = {Panel data econometrics in {R}: {The} plm package},
	volume = {27},
	shorttitle = {Panel data econometrics in {R}},
	number = {2},
	journal = {Journal of statistical software},
	author = {Croissant, Yves and Millo, Giovanni},
	year = {2008}
}

@article{swamy_exact_1972,
	title = {The exact finite sample properties of the estimators of coefficients in the error components regression models},
	journal = {Econometrica: Journal of the Econometric Society},
	author = {Swamy, PAVB and Arora, Swarnjit S.},
	year = {1972},
	note = {Publisher: JSTOR},
	pages = {261--275}
}

@article{cattaneo_local_2021,
	title = {Local regression distribution estimators},
	journal = {Journal of Econometrics},
	author = {Cattaneo, Matias D. and Jansson, Michael and Ma, Xinwei},
	year = {2021},
	note = {Publisher: Elsevier}
}

@article{gavazza_internet_2019,
	title = {Internet and politics: {Evidence} from {UK} local elections and local government policies},
	volume = {86},
	shorttitle = {Internet and politics},
	number = {5},
	journal = {The Review of Economic Studies},
	author = {Gavazza, Alessandro and Nardotto, Mattia and Valletti, Tommaso},
	year = {2019},
	note = {Publisher: Oxford University Press},
	pages = {2092--2135}
}

@article{alves_qualificacao_2009,
	title = {Qualificação profissional: uma proposta de política pública},
	shorttitle = {Qualificação profissional},
	url = {https://www.ipea.gov.br/ppp/index.php/PPP/article/view/143},
	number = {12},
	journal = {Planejamento e políticas públicas},
	author = {Alves, Edgard Luiz Gutierrez and dos Santos Vieira, Carlos Alberto},
	year = {2009}
}
